2782 4652
139 460 1014 520 un.unauunruorssouis-sumator.sassa.tx.
1041 443 1114 532 413

112 602 217 674 erat,
238 605 333 682 saepe
350 582 390 652 in
407 580 493 650 vivo
506 601 662 676 quoque
676 591 813 676 praeter
830 579 985 652 modum
1003 578 1115 655 fuisse

113 725 337 801 expansam,
360 699 412 772 sic
431 697 569 770 mirum
594 692 784 783 nonfuit,
803 696 910 768 solita
933 722 1011 770 non
1036 723 1116 789 esse

111 819 261 897 borna:
282 817 351 890 etsi
377 815 477 888 enim
504 812 551 886 ad
585 813 703 892 imum
733 813 845 916 paulo
875 829 956 891 erat
982 817 1114 904 latior,

113 961 231 1036 quam
248 935 296 1008 ad
313 956 503 1007 summum
514 957 524 1020 3
537 945 663 1040 tamen
676 929 890 1034 cylindrum
900 934 1041 1029 potius,
1052 949 1116 1006 aut

113 1054 279 1152 prisma,
306 1074 422 1150 quam
455 1049 563 1120 aliam
603 1046 787 1146 figuram,
814 1049 939 1148 primo
965 1067 1118 1150 aspectu

114 1167 315 1244 referebat.
336 1167 499 1238 Urethra
523 1165 625 1236 intus
644 1163 786 1261 ubique
805 1165 906 1256 alba,
933 1191 1004 1242 nec
1024 1193 1122 1266 pau··

114 1285 288 1366 cioribus
325 1299 495 1371 tantum,
527 1298 566 1354 et
597 1281 828 1370 minoribus,
860 1306 974 1380 quam
1002 1285 1116 1376 solet,
1175 1377 1184 1392 ι

2 1475 3 1478 ,
116 1404 418 1478 canaliculorum
431 1416 649 1472 nostrorum
661 1401 799 1472 osculis
812 1397 1117 1497 praedicaveram

113 1526 277 1620 insuper
306 1518 507 1592 caruncula
528 1517 697 1589 seminali
715 1519 822 1615 quasi
846 1515 1058 1608 diffluente,
1075 1535 1120 1594 ut

116 1642 156 1710 in
171 1638 246 1710 hac
265 1636 361 1709 nihil
378 1636 575 1734 perspicue
593 1634 742 1707 ostendi
764 1637 946 1733 potuerit,
973 1653 1116 1710 etcum

49 1745 53 1754 ’
118 1769 298 1854 proterea
326 1753 442 1850 ipsius
472 1752 630 1824 omnino
654 1749 800 1822 deesset
826 1765 1010 1840 rostrum,
1033 1777 1119 1850 pro·

118 1873 214 1944 clive
231 1871 329 1942 esset
343 1869 569 1957 existimare,
596 1867 731 1962 majori
746 1866 837 1938 olim
857 1866 941 1939 labe
962 1891 1034 1940 nec
1057 1893 1117 1941 ca·

120 1986 348 2073 ruriculam,
381 2010 452 2058 nec
482 1985 676 2064 urethram
707 1960 917 2080 reliquam,
944 1986 1117 2059 caruisse.

118 2105 273 2177 Arteriae
304 2127 466 2208 magne,
491 2126 567 2200 qua
594 2125 662 2202 per
687 2100 879 2174 vertebras
900 2101 1119 2176 lumborum

119 2220 290 2294 decurrit
302 2273 312 2309 ,
323 2221 481 2292 interior
497 2220 608 2292 lacios
625 2221 764 2292 ossium
782 2219 1046 2295 inchoamenta
1059 2245 1119 2296 os·

118 2336 316 2425 tendebat,
329 2337 442 2408 iliacae
459 2351 583 2409 autem
593 2336 758 2409 lamellas
768 2333 1118 2436 habebantprorsus

118 2478 267 2544 osseas,
288 2477 411 2550 eoque
426 2452 620 2542 duriores,
639 2477 717 2550 quo
738 2455 856 2551 magis
876 2455 916 2526 iu
934 2470 1121 2546 externas,

116 2575 363 2669 internasque
382 2569 509 2644 divisae
529 2571 577 2642 ad
604 2568 782 2642 inferiora
808 2570 1055 2666 accedebant,
1078 2590 1122 2646 ut
1196 2629 1200 2636 .

118 2688 285 2762 crurales
301 2711 453 2786 quoque
467 2687 625 2785 passim,
643 2701 679 2760 et
698 2685 959 2760 interfemoris
978 2689 1121 2790 condy-

118 2806 177 2878 los
197 2804 247 2876 ad
275 2804 473 2903 poplitem·
480 2802 558 2899 jam
578 2818 762 2900 exceptae,
789 2801 892 2882 dura
921 2819 1058 2892 esseut,
1084 2820 1122 2878 et

118 2920 276 3020 rigidae,
310 2920 604 3018 viderenturque
636 2922 778 2992 arteriae
810 2943 890 3016 quo
923 2920 1073 3019 longius
1100 2949 1122 2996 a

120 3038 245 3112 corde·
262 3053 413 3110 remotae
432 3024 725 3126 descenderent,
753 3061 798 3110 eo
810 3037 926 3135 magis
940 3061 1020 3112 esse
1033 3037 1123 3114 huic
1148 3029 1151 3036 ¹

119 3156 215 3228 vitio
226 3153 416 3226 obnoxiae.
435 3157 481 3226 Et
499 3168 613 3254 supra
628 3169 798 3226 ventrem
818 3169 918 3226 certe
934 3154 1000 3229 ubi
1018 3175 1124 3232 aorta

120 3271 319 3346 inferiores
336 3317 342 3328 η
362 3272 557 3353 emittebat
582 3270 861 3360 intercostales,
894 3274 1125 3372 apparebant

122 3391 264 3474 ossium
282 3389 569 3478 inchoamenta,
594 3389 662 3462 sed
689 3412 845 3487 prorsus
860 3389 965 3462 levia.
990 3396 1124 3466 Praeter

123 3531 209 3606 quae
227 3505 322 3577 nihil
344 3506 383 3576 in
407 3505 579 3594 thorace,
595 3506 691 3578 nihil
707 3507 746 3576 in
770 3506 920 3603 reliquo
939 3533 1126 3606 corpore,

124 3627 157 3698 si
176 3623 444 3721 quae-dicentur
469 3624 648 3721 excipias,
672 3624 849 3694 vitiorum
866 3623 1124 3698 animadverti.

124 3741 252 3814 Cranii
264 3740 364 3810 enim
373 3735 531 3829 fornice,
545 3754 582 3812 et
590 3741 773 3813 exteriore
787 3729 964 3838 meninge
980 3740 1127 3839 adernp

125 3860 196 3946 tis,
222 3881 387 3954 quorum
416 3871 621 3954 utrumque
649 3858 806 3930 crassius
839 3853 928 3943 fuit,
961 3871 1002 3930 ut
1031 3856 1129 3948 haec,

127 3976 240 4064 etiam
262 3995 344 4072 ‘qua
362 3974 460 4046 inter
485 3972 712 4047 cerebellum
736 3987 773 4046 et
797 3971 1059 4074 cerebrumse
1073 3976 1130 4047 in·
