2836 4648
314 473 387 545 602
484 474 537 542 nr'
557 489 703 542 sturnus
728 491 772 540 rr
797 489 923 539 csusrs
939 469 1162 541 'nonnosum

312 607 469 680 historia
503 609 613 708 regiae
642 604 884 701 scientiarum
926 605 1146 679 Parisiensis
1184 605 1324 678 Acade·

314 725 397 795 mise
422 721 477 820 (ι)
494 724 697 822 propositae
714 735 813 801 suut.
977 705 981 716 ⁸

243 868 246 876 ¹
281 895 283 900 -
364 842 397 914 3.
425 840 479 914 td
494 864 536 914 ea
556 853 681 912 autem
696 857 779 936 quae
797 836 844 910 de
858 838 958 910 uteri
974 836 1188 928 descensu,
1209 855 1248 911 et
1269 865 1324 910 ex-

318 957 459 1033 cisione
485 959 702 1056 scripsimus
714 953 1020 1054 (2)‚Sclenckeri
1037 955 1093 1054 (3)
1111 956 1324 1030 observatio

317 1091 459 1178 spectat
482 1075 581 1146 illius
605 1073 809 1146 descensus
830 1071 881 1144 ob
909 1072 1028 1144 laxata
1052 1073 1266 1174 ligamenta
1285 1073 1324 1144 ab

314 1195 495 1294 imposito
515 1192 631 1263 orarii
650 1189 820 1290 pondere
832 1245 841 1280 ‚
855 1189 960 1289 quod
975 1189 1255 1289 amplificatum
1270 1246 1279 1280 ,
1295 1205 1325 1262 et

316 1312 508 1412 lapideum
535 1309 674 1381 factum
708 1323 797 1386 erat.
836 1311 896 1384 Sic
932 1307 1019 1380 Abr.
1049 1297 1222 1382 Vaterus
1257 1305 1324 1408 (4)

249 1472 257 1495 f
317 1430 417 1502 idem
435 1417 543 1500 citeri
559 1427 710 1498 mulieri
734 1421 914 1499 accidisse
938 1424 1082 1497 viderat
1109 1450 1130 1496 a
1150 1441 1324 1526 gravante

317 1547 434 1620 orarii
457 1542 686 1644 praegrandis
701 1559 862 1616 tumore.
881 1545 936 1616 Ex
955 1542 1096 1641 quibus
1110 1558 1156 1616 ut
1172 1567 1248 1643 per
1260 1543 1328 1616 diss

154 1745 158 1757 .
248 1699 251 1705 ·
316 1665 523 1736 sectionem
540 1659 807 1750 confirmatur,
827 1676 979 1732 uterum
998 1659 1125 1759 ipsum
1144 1661 1254 1746 intra
1271 1686 1326 1731 va-

319 1782 444 1878 ginam
476 1777 726 1868 descendere,
756 1792 795 1850 et
822 1801 904 1876 quse
927 1801 1050 1849 causae
1075 1769 1279 1849 interdum
1296 1777 1326 1847 id
1402 1762 1406 1771 ⁵

311 1896 474 2004 faciant,
492 1893 723 1985 ostenditur;
739 1895 790 1968 ita
819 1918 865 1968 ex
883 1895 928 1980 cl.
949 1893 1245 1970 Kaltschmiedii
1265 1894 1327 1968 ob·

320 2016 531 2092 servatione
558 2010 631 2111 (5),
662 2014 738 2088 sive
763 2039 809 2086 cx
838 2015 989 2105 inverso
1015 2028 1127 2086 utero
1147 2037 1328 2112 magnum

319 2134 457 2208 excidit
473 2128 684 2235 skirrhutn,
704 2133 781 2204 sive
800 2131 941 2205 molam
956 2127 1220 2220 skirrhosam,
1248 2155 1328 2202 cum
1402 2208 1407 2221 Ι

312 2267 430 2328 ‘utero
449 2265 550 2324 certe
574 2251 625 2324 ita
660 2248 935 2336 cohaerentem,
968 2261 1011 2320 ut
1034 2247 1205 2320 cultello
1239 2271 1329 2348 opus
1401 2252 1406 2343 ξ

320 2367 432 2448 tuerit
448 2357 527 2468 quo
546 2366 800 2460 excideretur,
813 2367 977 2466 suspicio
998 2365 1184 2436 nimirum
1206 2363 1329 2464 augeri

322 2502 447 2588 potest
467 2486 701 2584 deceptionis
716 2509 849 2558 eorum
867 2485 934 2584 qui
952 2484 1079 2564 minus
1096 2505 1219 2580 quam
1242 2481 1328 2568 hoc,

322 2604 458 2680 illustri
473 2617 645 2702 ternpore
661 2618 814 2676 uterum
831 2601 879 2674 ab
903 2627 942 2674 se
958 2615 1199 2699 amputatum
1223 2597 1329 2672 fuisse

324 2721 577 2798 crediderunt.
644 2743 670 2768 ‘-
733 2797 737 2806 ,

372 2846 406 2930 4.
443 2841 521 2912 Etsi
535 2861 626 2910 vero
643 2835 712 2910 ubi
726 2835 773 2909 de
792 2835 979 2935 hysterica
1002 2833 1206 2908 affectione
1223 2835 1329 2910 verba

321 2957 394 3034 feci
408 2955 490 3055 (6),
517 2955 655 3028 diserte
671 2953 862 3055 professus
884 2977 965 3026 sum
982 2953 1085 3060 nolle
1102 2977 1166 3026 me
1184 2979 1275 3026 cum
1291 2955 1328 3024 iis

323 3073 496 3148 altercari
528 3073 596 3172 qui
627 3073 729 3144 illam
760 3070 809 3144 ab
835 3067 1175 3170 hypochondriaca
1200 3071 1327 3144 distin·
1411 3115 1412 3150 i

325 3190 514 3305 guendam
536 3213 617 3264 esse
646 3188 908 3278 contendunt,
934 3213 1060 3288 neque
1087 3210 1178 3260 cum
1198 3185 1325 3288 iis'qui

1407 3427 1412 3596 i

1406 3265 1412 3328 i

1339 476 1345 506 ¹
1405 484 1411 559 i
