<?xml version="1.0" encoding="UTF-8"?>
<!DOCTYPE html PUBLIC "-//W3C//DTD XHTML 1.0 Transitional//EN"
    "http://www.w3.org/TR/xhtml1/DTD/xhtml1-transitional.dtd">
<html xmlns="http://www.w3.org/1999/xhtml" xml:lang="en" lang="en">
 <head>
  <title>
</title>
<meta http-equiv="Content-Type" content="text/html;charset=utf-8" />
  <meta name='ocr-system' content='tesseract 3.04.00' />
  <meta name='ocr-capabilities' content='ocr_page ocr_carea ocr_par ocr_line ocrx_word'/>
</head>
<body>
  <div class='ocr_page' id='page_1' title='image "./desedibusetcaus02adelgoog_0090.png"; bbox 0 0 2858 4658; ppageno 0'>
   <div class='ocr_carea' id='block_1_1' title="bbox 151 427 1116 522">
    <p class='ocr_par' dir='ltr' id='par_1_1' title="bbox 151 427 1116 522">
     <span class='ocr_line' id='line_1_1' title="bbox 151 427 1116 522; baseline 0.001 -11"><span class='ocrx_word' id='word_1_1' title='bbox 151 462 223 511; x_wconf 76' lang='lat' dir='ltr'><strong>nm</strong></span> <span class='ocrx_word' id='word_1_2' title='bbox 243 460 293 510; x_wconf 81' lang='lat' dir='ltr'><strong>tv.</strong></span> <span class='ocrx_word' id='word_1_3' title='bbox 312 427 508 516; x_wconf 77' lang='lat' dir='ltr'><strong>nunonem</strong></span> <span class='ocrx_word' id='word_1_4' title='bbox 521 455 718 522; x_wconf 67' lang='lat' dir='ltr'><strong>curarum,</strong></span> <span class='ocrx_word' id='word_1_5' title='bbox 733 447 804 508; x_wconf 82' lang='lat' dir='ltr'><strong>etc.</strong></span> <span class='ocrx_word' id='word_1_6' title='bbox 817 457 930 508; x_wconf 78' lang='lat' dir='ltr'><strong>rerer.</strong></span> <span class='ocrx_word' id='word_1_7' title='bbox 944 460 1017 508; x_wconf 76' lang='lat' dir='ltr'><strong>rvr.</strong></span> <span class='ocrx_word' id='word_1_8' title='bbox 1067 431 1116 512; x_wconf 81' lang='grc'><strong>83</strong></span> 
     </span>
    </p>
   </div>
   <div class='ocr_carea' id='block_1_2' title="bbox 44 570 1195 3623">
    <p class='ocr_par' dir='ltr' id='par_1_2' title="bbox 44 570 1195 3623">
     <span class='ocr_line' id='line_1_2' title="bbox 104 570 1120 662; baseline -0.007 -9"><span class='ocrx_word' id='word_1_9' title='bbox 104 577 277 653; x_wconf 75' lang='lat' dir='ltr'><strong>ascensui</strong></span> <span class='ocrx_word' id='word_1_10' title='bbox 292 573 531 648; x_wconf 75' lang='lat' dir='ltr'><strong>acetabulum</strong></span> <span class='ocrx_word' id='word_1_11' title='bbox 542 571 834 657; x_wconf 84' lang='lat' dir='ltr'><strong>obstat‚motum</strong></span> <span class='ocrx_word' id='word_1_12' title='bbox 850 570 1023 662; x_wconf 83' lang='lat' dir='ltr'><strong>femoris,</strong></span> <span class='ocrx_word' id='word_1_13' title='bbox 1038 599 1120 648; x_wconf 84' lang='lat' dir='ltr'><strong>sur·</strong></span> 
     </span>
     <span class='ocr_line' id='line_1_3' title="bbox 44 688 1119 794; baseline -0.005 -27"><span class='ocrx_word' id='word_1_14' title='bbox 44 750 48 756; x_wconf 83' lang='lat'>.</span> <span class='ocrx_word' id='word_1_15' title='bbox 104 718 187 768; x_wconf 85' lang='lat' dir='ltr'><strong>sum</strong></span> <span class='ocrx_word' id='word_1_16' title='bbox 204 693 401 794; x_wconf 85' lang='lat' dir='ltr'>propulsi,</span> <span class='ocrx_word' id='word_1_17' title='bbox 420 691 527 787; x_wconf 84' lang='lat' dir='ltr'><strong>sequi</strong></span> <span class='ocrx_word' id='word_1_18' title='bbox 541 688 742 788; x_wconf 84' lang='lat' dir='ltr'><strong>prohibita.</strong></span> <span class='ocrx_word' id='word_1_19' title='bbox 762 694 825 762; x_wconf 78' lang='lat' dir='ltr'><strong>Hm</strong></span> <span class='ocrx_word' id='word_1_20' title='bbox 843 705 968 764; x_wconf 84' lang='lat' dir='ltr'><strong>autem</strong></span> <span class='ocrx_word' id='word_1_21' title='bbox 980 691 1119 764; x_wconf 84' lang='lat' dir='ltr'><strong>eaedern</strong></span> 
     </span>
     <span class='ocr_line' id='line_1_4' title="bbox 105 803 1119 899; baseline 0.002 -16"><span class='ocrx_word' id='word_1_22' title='bbox 105 835 242 897; x_wconf 74' lang='lat' dir='ltr'><strong>causae,</strong></span> <span class='ocrx_word' id='word_1_23' title='bbox 253 833 341 880; x_wconf 86' lang='lat' dir='ltr'><strong>curn</strong></span> <span class='ocrx_word' id='word_1_24' title='bbox 350 808 510 884; x_wconf 81' lang='lat' dir='ltr'><strong>musculi</strong></span> <span class='ocrx_word' id='word_1_25' title='bbox 527 805 651 884; x_wconf 82' lang='lat' dir='ltr'><strong>femur</strong></span> <span class='ocrx_word' id='word_1_26' title='bbox 668 831 818 880; x_wconf 84' lang='lat' dir='ltr'><strong>sursum</strong></span> <span class='ocrx_word' id='word_1_27' title='bbox 828 806 1004 899; x_wconf 85' lang='lat' dir='ltr'><strong>trahunt,</strong></span> <span class='ocrx_word' id='word_1_28' title='bbox 1022 803 1119 885; x_wconf 86' lang='lat' dir='ltr'><strong>frac-</strong></span> 
     </span>
     <span class='ocr_line' id='line_1_5' title="bbox 106 924 1118 1026; baseline -0.002 -24"><span class='ocrx_word' id='word_1_29' title='bbox 106 927 317 1002; x_wconf 84' lang='lat' dir='ltr'><strong>taecervicis</strong></span> <span class='ocrx_word' id='word_1_30' title='bbox 335 939 482 1024; x_wconf 86' lang='lat' dir='ltr'><strong>partes,</strong></span> <span class='ocrx_word' id='word_1_31' title='bbox 508 947 639 996; x_wconf 88' lang='lat' dir='ltr'><strong>rursus</strong></span> <span class='ocrx_word' id='word_1_32' title='bbox 657 924 758 997; x_wconf 87' lang='lat' dir='ltr'><strong>iuter</strong></span> <span class='ocrx_word' id='word_1_33' title='bbox 777 949 815 996; x_wconf 90' lang='lat' dir='ltr'><strong>se</strong></span> <span class='ocrx_word' id='word_1_34' title='bbox 833 926 1118 1026; x_wconf 85' lang='lat' dir='ltr'><strong>contingentes,</strong></span> 
     </span>
     <span class='ocr_line' id='line_1_6' title="bbox 107 1041 1121 1143; baseline -0.002 -23"><span class='ocrx_word' id='word_1_35' title='bbox 107 1041 1121 1143; x_wconf 76' lang='lat' dir='ltr'><strong>etcoaiesrereincipientes,disjungunt,atquereglu-</strong></span> 
     </span>
     <span class='ocr_line' id='line_1_7' title="bbox 105 1158 1120 1258; baseline -0.005 -18"><span class='ocrx_word' id='word_1_36' title='bbox 105 1167 240 1240; x_wconf 87' lang='lat' dir='ltr'><strong>tiuant.</strong></span> <span class='ocrx_word' id='word_1_37' title='bbox 254 1168 299 1236; x_wconf 87' lang='lat' dir='ltr'><strong>Et</strong></span> <span class='ocrx_word' id='word_1_38' title='bbox 311 1160 466 1234; x_wconf 83' lang='lat' dir='ltr'><strong>cervicis</strong></span> <span class='ocrx_word' id='word_1_39' title='bbox 477 1159 633 1258; x_wconf 83' lang='lat' dir='ltr'><strong>quidem</strong></span> <span class='ocrx_word' id='word_1_40' title='bbox 650 1158 755 1232; x_wconf 85' lang='lat' dir='ltr'><strong>hunr</strong></span> <span class='ocrx_word' id='word_1_41' title='bbox 770 1162 934 1258; x_wconf 86' lang='lat' dir='ltr'><strong>positum</strong></span> <span class='ocrx_word' id='word_1_42' title='bbox 948 1174 1120 1236; x_wconf 87' lang='lat' dir='ltr'><strong>auctores</strong></span> 
     </span>
     <span class='ocr_line' id='line_1_8' title="bbox 106 1278 1122 1378; baseline 0 -24"><span class='ocrx_word' id='word_1_43' title='bbox 106 1281 352 1356; x_wconf 80' lang='lat' dir='ltr'><strong>vetustissimi</strong></span> <span class='ocrx_word' id='word_1_44' title='bbox 376 1303 457 1350; x_wconf 87' lang='lat' dir='ltr'><strong>non</strong></span> <span class='ocrx_word' id='word_1_45' title='bbox 477 1279 726 1377; x_wconf 85' lang='lat' dir='ltr'><strong>ignorarunt:</strong></span> <span class='ocrx_word' id='word_1_46' title='bbox 759 1278 885 1375; x_wconf 82' lang='lat' dir='ltr'><strong>itaque</strong></span> <span class='ocrx_word' id='word_1_47' title='bbox 914 1281 1122 1378; x_wconf 89' lang='lat' dir='ltr'><strong>Hippocra-</strong></span> 
     </span>
     <span class='ocr_line' id='line_1_9' title="bbox 109 1389 1119 1496; baseline -0.003 -22"><span class='ocrx_word' id='word_1_48' title='bbox 109 1415 162 1474; x_wconf 86' lang='lat' dir='ltr'><strong>tes</strong></span> <span class='ocrx_word' id='word_1_49' title='bbox 178 1397 241 1496; x_wconf 82' lang='lat' dir='ltr'><strong>(t)</strong></span> <span class='ocrx_word' id='word_1_50' title='bbox 252 1398 391 1474; x_wconf 80' lang='lat' dir='ltr'>diserte</span> <span class='ocrx_word' id='word_1_51' title='bbox 405 1389 571 1493; x_wconf 65' lang='lat' dir='ltr'><strong>scripsit,</strong></span> <span class='ocrx_word' id='word_1_52' title='bbox 584 1396 879 1493; x_wconf 80' lang='lat' dir='ltr'><strong>caputfemorr&#39;s,</strong></span> <span class='ocrx_word' id='word_1_53' title='bbox 895 1411 933 1468; x_wconf 85' lang='lat' dir='ltr'><strong>et</strong></span> <span class='ocrx_word' id='word_1_54' title='bbox 945 1405 1119 1472; x_wconf 82' lang='lat' dir='ltr'><strong>cervicem</strong></span> 
     </span>
     <span class='ocr_line' id='line_1_10' title="bbox 108 1514 1122 1610; baseline 0 -22"><span class='ocrx_word' id='word_1_55' title='bbox 108 1515 265 1590; x_wconf 74' lang='lat' dir='ltr'><strong>articuli</strong></span> <span class='ocrx_word' id='word_1_56' title='bbox 295 1529 436 1590; x_wconf 83' lang='lat' dir='ltr'><strong>natura</strong></span> <span class='ocrx_word' id='word_1_57' title='bbox 459 1514 655 1610; x_wconf 62' lang='lat' dir='ltr'><strong>obliquam</strong></span> <span class='ocrx_word' id='word_1_58' title='bbox 682 1536 772 1584; x_wconf 80' lang='lat' dir='ltr'><strong>erae.</strong></span> <span class='ocrx_word' id='word_1_59' title='bbox 812 1514 1030 1592; x_wconf 85' lang='lat' dir='ltr'><strong>Aristoteles</strong></span> <span class='ocrx_word' id='word_1_60' title='bbox 1056 1542 1122 1588; x_wconf 87' lang='lat' dir='ltr'><strong>au-</strong></span> 
     </span>
     <span class='ocr_line' id='line_1_11' title="bbox 109 1613 1121 1733; baseline -0.002 -23"><span class='ocrx_word' id='word_1_61' title='bbox 109 1613 183 1710; x_wconf 87' lang='lat' dir='ltr'><strong>tern</strong></span> <span class='ocrx_word' id='word_1_62' title='bbox 198 1633 355 1732; x_wconf 79' lang='lat' dir='ltr'><strong>(2)cum</strong></span> <span class='ocrx_word' id='word_1_63' title='bbox 374 1628 498 1704; x_wconf 87' lang='lat' dir='ltr'><strong>femur</strong></span> <span class='ocrx_word' id='word_1_64' title='bbox 506 1631 629 1728; x_wconf 72' lang='lat' dir='ltr'><strong>biceps</strong></span> <span class='ocrx_word' id='word_1_65' title='bbox 640 1653 721 1702; x_wconf 85' lang='lat' dir='ltr'><strong>esse</strong></span> <span class='ocrx_word' id='word_1_66' title='bbox 736 1629 848 1716; x_wconf 82' lang='lat' dir='ltr'><strong>dixit,</strong></span> <span class='ocrx_word' id='word_1_67' title='bbox 865 1655 945 1702; x_wconf 90' lang='lat' dir='ltr'><strong>non</strong></span> <span class='ocrx_word' id='word_1_68' title='bbox 964 1633 1003 1706; x_wconf 88' lang='lat' dir='ltr'><strong>id</strong></span> <span class='ocrx_word' id='word_1_69' title='bbox 1013 1633 1121 1733; x_wconf 90' lang='lat' dir='ltr'><strong>quod</strong></span> 
     </span>
     <span class='ocr_line' id='line_1_12' title="bbox 112 1749 1122 1852; baseline -0.007 -23"><span class='ocrx_word' id='word_1_70' title='bbox 112 1752 261 1852; x_wconf 74' lang='lat' dir='ltr'><strong>Hiphus</strong></span> <span class='ocrx_word' id='word_1_71' title='bbox 272 1749 333 1848; x_wconf 85' lang='lat'><strong>(3)</strong></span> <span class='ocrx_word' id='word_1_72' title='bbox 356 1752 625 1846; x_wconf 81' lang='lat' dir='ltr'><strong>interpretatus</strong></span> <span class='ocrx_word' id='word_1_73' title='bbox 648 1762 724 1838; x_wconf 86' lang='lat' dir='ltr'><strong>est,</strong></span> <span class='ocrx_word' id='word_1_74' title='bbox 742 1749 863 1821; x_wconf 86' lang='lat' dir='ltr'><strong>voluit</strong></span> <span class='ocrx_word' id='word_1_75' title='bbox 886 1749 1046 1824; x_wconf 81' lang='lat' dir='ltr'><strong>alterum</strong></span> <span class='ocrx_word' id='word_1_76' title='bbox 1070 1755 1122 1823; x_wconf 72' lang='lat' dir='ltr'><strong>vi</strong></span> 
     </span>
     <span class='ocr_line' id='line_1_13' title="bbox 114 1866 1123 1962; baseline 0.001 -20"><span class='ocrx_word' id='word_1_77' title='bbox 114 1869 253 1944; x_wconf 85' lang='lat' dir='ltr'><strong>delicet</strong></span> <span class='ocrx_word' id='word_1_78' title='bbox 256 1871 392 1962; x_wconf 77' lang='lat' dir='ltr'><strong>semar</strong></span> <span class='ocrx_word' id='word_1_79' title='bbox 409 1893 488 1942; x_wconf 86' lang='lat' dir='ltr'><strong>esse</strong></span> <span class='ocrx_word' id='word_1_80' title='bbox 503 1893 532 1938; x_wconf 86' lang='lat' dir='ltr'><strong>a</strong></span> <span class='ocrx_word' id='word_1_81' title='bbox 549 1866 713 1956; x_wconf 73' lang='lat' dir='ltr'><strong>dextris,</strong></span> <span class='ocrx_word' id='word_1_82' title='bbox 729 1867 889 1940; x_wconf 85' lang='lat' dir='ltr'><strong>alterum</strong></span> <span class='ocrx_word' id='word_1_83' title='bbox 906 1893 932 1938; x_wconf 86' lang='lat' dir='ltr'><strong>a</strong></span> <span class='ocrx_word' id='word_1_84' title='bbox 949 1876 1123 1960; x_wconf 64' lang='lat' dir='ltr'><strong>sanareris,-</strong></span> 
     </span>
     <span class='ocr_line' id='line_1_14' title="bbox 113 1985 1124 2074; baseline 0.002 -14"><span class='ocrx_word' id='word_1_85' title='bbox 113 1989 231 2060; x_wconf 87' lang='lat' dir='ltr'><strong>mndo</strong></span> <span class='ocrx_word' id='word_1_86' title='bbox 249 1989 352 2060; x_wconf 91' lang='lat' dir='ltr'><strong>enim</strong></span> <span class='ocrx_word' id='word_1_87' title='bbox 373 1987 448 2065; x_wconf 86' lang='lat' dir='ltr'><strong>hoc</strong></span> <span class='ocrx_word' id='word_1_88' title='bbox 468 1989 555 2060; x_wconf 86' lang='lat' dir='ltr'><strong>satis</strong></span> <span class='ocrx_word' id='word_1_89' title='bbox 571 1985 822 2074; x_wconf 81' lang='lat' dir='ltr'><strong>indicaverat,</strong></span> <span class='ocrx_word' id='word_1_90' title='bbox 843 1987 908 2060; x_wconf 88' lang='lat' dir='ltr'><strong>sed</strong></span> <span class='ocrx_word' id='word_1_91' title='bbox 930 1987 1024 2062; x_wconf 86' lang='lat' dir='ltr'><strong>hinc</strong></span> <span class='ocrx_word' id='word_1_92' title='bbox 1045 2015 1124 2070; x_wconf 79' lang='lat' dir='ltr'><strong>rna-</strong></span> 
     </span>
     <span class='ocr_line' id='line_1_15' title="bbox 111 2103 1124 2212; baseline 0.003 -34"><span class='ocrx_word' id='word_1_93' title='bbox 111 2108 234 2204; x_wconf 85' lang='lat' dir='ltr'><strong>jorem</strong></span> <span class='ocrx_word' id='word_1_94' title='bbox 255 2105 556 2212; x_wconf 73' lang='lat' dir='ltr'><strong>trochanterem,</strong></span> <span class='ocrx_word' id='word_1_95' title='bbox 577 2103 667 2174; x_wconf 89' lang='lat' dir='ltr'><strong>inde</strong></span> <span class='ocrx_word' id='word_1_96' title='bbox 684 2107 869 2195; x_wconf 84' lang='lat' dir='ltr'><strong>cervivem</strong></span> <span class='ocrx_word' id='word_1_97' title='bbox 887 2107 927 2176; x_wconf 91' lang='lat' dir='ltr'><strong>in</strong></span> <span class='ocrx_word' id='word_1_98' title='bbox 948 2131 1124 2205; x_wconf 86' lang='lat' dir='ltr'><strong>suprema</strong></span> 
     </span>
     <span class='ocr_line' id='line_1_16' title="bbox 115 2222 1124 2322; baseline 0.004 -26"><span class='ocrx_word' id='word_1_99' title='bbox 115 2223 267 2298; x_wconf 80' lang='lat' dir='ltr'><strong>femoris</strong></span> <span class='ocrx_word' id='word_1_100' title='bbox 294 2239 400 2322; x_wconf 85' lang='lat' dir='ltr'><strong>parte</strong></span> <span class='ocrx_word' id='word_1_101' title='bbox 420 2239 620 2322; x_wconf 75' lang='lat' dir='ltr'><strong>spectem,</strong></span> <span class='ocrx_word' id='word_1_102' title='bbox 646 2224 770 2321; x_wconf 85' lang='lat' dir='ltr'><strong>ipsum</strong></span> <span class='ocrx_word' id='word_1_103' title='bbox 791 2222 920 2322; x_wconf 84' lang='lat' dir='ltr'>biceps</span> <span class='ocrx_word' id='word_1_104' title='bbox 949 2249 1027 2298; x_wconf 82' lang='lat' dir='ltr'><strong>esse</strong></span> <span class='ocrx_word' id='word_1_105' title='bbox 1055 2225 1124 2300; x_wconf 84' lang='lat' dir='ltr'><strong>do·</strong></span> 
     </span>
     <span class='ocr_line' id='line_1_17' title="bbox 116 2341 1124 2430; baseline 0.004 -16"><span class='ocrx_word' id='word_1_106' title='bbox 116 2346 201 2416; x_wconf 78' lang='lat' dir='ltr'><strong>enit</strong></span> <span class='ocrx_word' id='word_1_107' title='bbox 224 2347 303 2416; x_wconf 90' lang='lat' dir='ltr'><strong>Cur</strong></span> <span class='ocrx_word' id='word_1_108' title='bbox 321 2357 447 2414; x_wconf 86' lang='lat' dir='ltr'><strong>autem</strong></span> <span class='ocrx_word' id='word_1_109' title='bbox 464 2343 515 2414; x_wconf 86' lang='lat' dir='ltr'><strong>ita</strong></span> <span class='ocrx_word' id='word_1_110' title='bbox 537 2341 699 2414; x_wconf 86' lang='lat' dir='ltr'><strong>divisum</strong></span> <span class='ocrx_word' id='word_1_111' title='bbox 717 2343 782 2430; x_wconf 87' lang='lat' dir='ltr'><strong>sit,</strong></span> <span class='ocrx_word' id='word_1_112' title='bbox 804 2357 841 2414; x_wconf 91' lang='lat' dir='ltr'><strong>et</strong></span> <span class='ocrx_word' id='word_1_113' title='bbox 858 2345 1042 2416; x_wconf 86' lang='lat' dir='ltr'><strong>cervicem</strong></span> <span class='ocrx_word' id='word_1_114' title='bbox 1057 2347 1124 2418; x_wconf 85' lang='lat' dir='ltr'><strong>ha·</strong></span> 
     </span>
     <span class='ocr_line' id='line_1_18' title="bbox 115 2459 1124 2562; baseline 0.003 -28"><span class='ocrx_word' id='word_1_115' title='bbox 115 2461 200 2534; x_wconf 87' lang='lat' dir='ltr'><strong>beat</strong></span> <span class='ocrx_word' id='word_1_116' title='bbox 217 2487 316 2560; x_wconf 89' lang='lat' dir='ltr'><strong>pene</strong></span> <span class='ocrx_word' id='word_1_117' title='bbox 333 2464 374 2532; x_wconf 85' lang='lat' dir='ltr'><strong>iu</strong></span> <span class='ocrx_word' id='word_1_118' title='bbox 393 2476 648 2532; x_wconf 85' lang='lat' dir='ltr'><strong>transversum</strong></span> <span class='ocrx_word' id='word_1_119' title='bbox 666 2476 900 2557; x_wconf 84' lang='lat' dir='ltr'>protensam,</span> <span class='ocrx_word' id='word_1_120' title='bbox 918 2459 1033 2562; x_wconf 88' lang='lat' dir='ltr'><strong>longe</strong></span> <span class='ocrx_word' id='word_1_121' title='bbox 1051 2487 1124 2537; x_wconf 85' lang='lat' dir='ltr'><strong>ma·</strong></span> 
     </span>
     <span class='ocr_line' id='line_1_19' title="bbox 117 2575 1125 2676; baseline 0.004 -26"><span class='ocrx_word' id='word_1_122' title='bbox 117 2577 287 2652; x_wconf 82' lang='lat' dir='ltr'><strong>nifestius</strong></span> <span class='ocrx_word' id='word_1_123' title='bbox 300 2594 376 2667; x_wconf 87' lang='lat' dir='ltr'><strong>est,</strong></span> <span class='ocrx_word' id='word_1_124' title='bbox 391 2603 505 2676; x_wconf 84' lang='lat' dir='ltr'><strong>quam</strong></span> <span class='ocrx_word' id='word_1_125' title='bbox 515 2603 583 2650; x_wconf 88' lang='lat' dir='ltr'><strong>cur</strong></span> <span class='ocrx_word' id='word_1_126' title='bbox 598 2577 736 2650; x_wconf 83' lang='lat' dir='ltr'><strong>cervici</strong></span> <span class='ocrx_word' id='word_1_127' title='bbox 746 2575 884 2674; x_wconf 82' lang='lat' dir='ltr'><strong>fragilis</strong></span> <span class='ocrx_word' id='word_1_128' title='bbox 900 2579 995 2652; x_wconf 89' lang='lat' dir='ltr'><strong>adeo</strong></span> <span class='ocrx_word' id='word_1_129' title='bbox 1007 2595 1125 2654; x_wconf 84' lang='lat' dir='ltr'><strong>struc-</strong></span> 
     </span>
     <span class='ocr_line' id='line_1_20' title="bbox 115 2694 1123 2795; baseline 0.002 -25"><span class='ocrx_word' id='word_1_130' title='bbox 115 2711 196 2770; x_wconf 86' lang='lat' dir='ltr'><strong>tura</strong></span> <span class='ocrx_word' id='word_1_131' title='bbox 217 2694 430 2795; x_wconf 85' lang='lat' dir='ltr'><strong>contigerit.</strong></span> <span class='ocrx_word' id='word_1_132' title='bbox 457 2699 550 2768; x_wconf 89' lang='lat' dir='ltr'><strong>Nam</strong></span> <span class='ocrx_word' id='word_1_133' title='bbox 573 2709 612 2768; x_wconf 91' lang='lat' dir='ltr'><strong>et</strong></span> <span class='ocrx_word' id='word_1_134' title='bbox 624 2695 706 2770; x_wconf 83' lang='lat' dir='ltr'><strong>aliis</strong></span> <span class='ocrx_word' id='word_1_135' title='bbox 725 2694 952 2792; x_wconf 87' lang='lat' dir='ltr'><strong>quibusdam</strong></span> <span class='ocrx_word' id='word_1_136' title='bbox 975 2699 1123 2772; x_wconf 91' lang='lat' dir='ltr'><strong>ossibus</strong></span> 
     </span>
     <span class='ocr_line' id='line_1_21' title="bbox 119 2812 1123 2913; baseline 0.003 -25"><span class='ocrx_word' id='word_1_137' title='bbox 119 2839 321 2888; x_wconf 83' lang='lat' dir='ltr'><strong>commune</strong></span> <span class='ocrx_word' id='word_1_138' title='bbox 332 2869 344 2904; x_wconf 87' lang='lat'><strong>,</strong></span> <span class='ocrx_word' id='word_1_139' title='bbox 357 2839 436 2886; x_wconf 89' lang='lat' dir='ltr'><strong>non</strong></span> <span class='ocrx_word' id='word_1_140' title='bbox 453 2814 564 2909; x_wconf 84' lang='lat' dir='ltr'><strong>hujus</strong></span> <span class='ocrx_word' id='word_1_141' title='bbox 582 2813 784 2902; x_wconf 83' lang='lat' dir='ltr'><strong>duntaxat,</strong></span> <span class='ocrx_word' id='word_1_142' title='bbox 795 2827 837 2885; x_wconf 89' lang='lat' dir='ltr'><strong>ut</strong></span> <span class='ocrx_word' id='word_1_143' title='bbox 849 2812 950 2884; x_wconf 85' lang='lat' dir='ltr'><strong>docti</strong></span> <span class='ocrx_word' id='word_1_144' title='bbox 967 2817 1123 2913; x_wconf 87' lang='lat' dir='ltr'><strong>quidam</strong></span> 
     </span>
     <span class='ocr_line' id='line_1_22' title="bbox 117 2931 1123 3033; baseline 0.006 -29"><span class='ocrx_word' id='word_1_145' title='bbox 117 2934 184 3006; x_wconf 75' lang='lat' dir='ltr'><strong>viri</strong></span> <span class='ocrx_word' id='word_1_146' title='bbox 196 2935 394 3020; x_wconf 81' lang='lat' dir='ltr'><strong>aiunt,est</strong></span> <span class='ocrx_word' id='word_1_147' title='bbox 410 2931 619 3030; x_wconf 84' lang='lat' dir='ltr'><strong>peculiare,</strong></span> <span class='ocrx_word' id='word_1_148' title='bbox 638 2947 680 3004; x_wconf 87' lang='lat' dir='ltr'><strong>ut</strong></span> <span class='ocrx_word' id='word_1_149' title='bbox 691 2948 814 3031; x_wconf 86' lang='lat' dir='ltr'><strong>partes</strong></span> <span class='ocrx_word' id='word_1_150' title='bbox 827 2933 999 3006; x_wconf 86' lang='lat' dir='ltr'><strong>emittant</strong></span> <span class='ocrx_word' id='word_1_151' title='bbox 1011 2959 1123 3033; x_wconf 88' lang='lat' dir='ltr'><strong>quas-</strong></span> 
     </span>
     <span class='ocr_line' id='line_1_23' title="bbox 120 3050 1124 3151; baseline 0.003 -26"><span class='ocrx_word' id='word_1_152' title='bbox 120 3053 222 3140; x_wconf 87' lang='lat' dir='ltr'><strong>dam,</strong></span> <span class='ocrx_word' id='word_1_153' title='bbox 242 3075 332 3122; x_wconf 89' lang='lat' dir='ltr'><strong>cum</strong></span> <span class='ocrx_word' id='word_1_154' title='bbox 347 3051 438 3147; x_wconf 82' lang='lat' dir='ltr'><strong>ipsis</strong></span> <span class='ocrx_word' id='word_1_155' title='bbox 453 3050 635 3149; x_wconf 83' lang='lat' dir='ltr'><strong>angulum</strong></span> <span class='ocrx_word' id='word_1_156' title='bbox 648 3051 954 3150; x_wconf 81' lang='lat' dir='ltr'><strong>intercipientes,</strong></span> <span class='ocrx_word' id='word_1_157' title='bbox 972 3069 1014 3124; x_wconf 90' lang='lat' dir='ltr'><strong>ut</strong></span> <span class='ocrx_word' id='word_1_158' title='bbox 1032 3071 1124 3151; x_wconf 86' lang='lat' dir='ltr'><strong>puta</strong></span> 
     </span>
     <span class='ocr_line' id='line_1_24' title="bbox 119 3165 1126 3270; baseline 0 -28"><span class='ocrx_word' id='word_1_159' title='bbox 119 3165 748 3268; x_wconf 74' lang='lat' dir='ltr'><strong>mapulae‚etiuferiormaxilla.Sed</strong></span> <span class='ocrx_word' id='word_1_160' title='bbox 760 3170 899 3244; x_wconf 83' lang='lat' dir='ltr'><strong>emissae</strong></span> <span class='ocrx_word' id='word_1_161' title='bbox 915 3169 964 3242; x_wconf 82' lang='lat' dir='ltr'><strong>ab</strong></span> <span class='ocrx_word' id='word_1_162' title='bbox 975 3169 1035 3244; x_wconf 84' lang='lat' dir='ltr'><strong>his</strong></span> <span class='ocrx_word' id='word_1_163' title='bbox 1044 3195 1126 3270; x_wconf 87' lang='lat' dir='ltr'><strong>par·</strong></span> 
     </span>
     <span class='ocr_line' id='line_1_25' title="bbox 124 3285 1125 3385; baseline 0 -25"><span class='ocrx_word' id='word_1_164' title='bbox 124 3304 176 3362; x_wconf 88' lang='lat' dir='ltr'><strong>tes</strong></span> <span class='ocrx_word' id='word_1_165' title='bbox 183 3288 299 3385; x_wconf 83' lang='lat' dir='ltr'><strong>longe</strong></span> <span class='ocrx_word' id='word_1_166' title='bbox 312 3285 474 3358; x_wconf 85' lang='lat' dir='ltr'><strong>firmiori</strong></span> <span class='ocrx_word' id='word_1_167' title='bbox 492 3301 680 3360; x_wconf 86' lang='lat' dir='ltr'><strong>structura</strong></span> <span class='ocrx_word' id='word_1_168' title='bbox 691 3301 795 3376; x_wconf 84' lang='lat' dir='ltr'><strong>suut,</strong></span> <span class='ocrx_word' id='word_1_169' title='bbox 806 3288 838 3360; x_wconf 86' lang='lat' dir='ltr'><strong>ei</strong></span> <span class='ocrx_word' id='word_1_170' title='bbox 848 3288 924 3360; x_wconf 86' lang='lat' dir='ltr'><strong>suis</strong></span> <span class='ocrx_word' id='word_1_171' title='bbox 934 3311 1022 3360; x_wconf 86' lang='lat' dir='ltr'><strong>cum</strong></span> <span class='ocrx_word' id='word_1_172' title='bbox 1031 3291 1125 3362; x_wconf 83' lang='lat' dir='ltr'><strong>ossi·</strong></span> 
     </span>
     <span class='ocr_line' id='line_1_26' title="bbox 122 3401 1127 3501; baseline -0.001 -24"><span class='ocrx_word' id='word_1_173' title='bbox 122 3405 191 3479; x_wconf 83' lang='lat' dir='ltr'><strong>bus</strong></span> <span class='ocrx_word' id='word_1_174' title='bbox 211 3401 480 3492; x_wconf 85' lang='lat' dir='ltr'><strong>conferantur,</strong></span> <span class='ocrx_word' id='word_1_175' title='bbox 507 3427 621 3501; x_wconf 86' lang='lat' dir='ltr'><strong>quam</strong></span> <span class='ocrx_word' id='word_1_176' title='bbox 641 3405 765 3474; x_wconf 87' lang='lat' dir='ltr'><strong>cervix</strong></span> <span class='ocrx_word' id='word_1_177' title='bbox 777 3401 931 3474; x_wconf 87' lang='lat' dir='ltr'><strong>femoris</strong></span> <span class='ocrx_word' id='word_1_178' title='bbox 943 3429 1031 3476; x_wconf 83' lang='lat' dir='ltr'><strong>curn</strong></span> <span class='ocrx_word' id='word_1_179' title='bbox 1050 3404 1127 3476; x_wconf 83' lang='lat' dir='ltr'><strong>hoe</strong></span> 
     </span>
     <span class='ocr_line' id='line_1_27' title="bbox 126 3520 1195 3623; baseline 0.006 -29"><span class='ocrx_word' id='word_1_180' title='bbox 126 3537 349 3623; x_wconf 81' lang='lat' dir='ltr'><strong>comparata.</strong></span> <span class='ocrx_word' id='word_1_181' title='bbox 388 3525 520 3621; x_wconf 86' lang='lat' dir='ltr'><strong>Neque</strong></span> <span class='ocrx_word' id='word_1_182' title='bbox 547 3523 627 3620; x_wconf 86' lang='lat' dir='ltr'><strong>ipsa</strong></span> <span class='ocrx_word' id='word_1_183' title='bbox 661 3545 744 3594; x_wconf 83' lang='lat' dir='ltr'><strong>osse</strong></span> <span class='ocrx_word' id='word_1_184' title='bbox 759 3571 762 3580; x_wconf 86' lang='lat'>·</span> <span class='ocrx_word' id='word_1_185' title='bbox 779 3523 839 3594; x_wconf 90' lang='lat' dir='ltr'><strong>cui</strong></span> <span class='ocrx_word' id='word_1_186' title='bbox 869 3520 1040 3614; x_wconf 84' lang='lat' dir='ltr'><strong>additur,</strong></span> <span class='ocrx_word' id='word_1_187' title='bbox 1070 3539 1127 3597; x_wconf 81' lang='lat' dir='ltr'><strong>eet</strong></span> <span class='ocrx_word' id='word_1_188' title='bbox 1193 3591 1195 3600; x_wconf 83' lang='lat'>.</span> 
     </span>
    </p>
   </div>
   <div class='ocr_carea' id='block_1_3' title="bbox 161 3807 805 3888">
    <p class='ocr_par' dir='ltr' id='par_1_3' title="bbox 161 3807 805 3888">
     <span class='ocr_line' id='line_1_28' title="bbox 161 3807 805 3888; baseline -0.006 -16"><span class='ocrx_word' id='word_1_189' title='bbox 161 3807 203 3888; x_wconf 84' lang='lat' dir='ltr'><strong>(t)</strong></span> <span class='ocrx_word' id='word_1_190' title='bbox 221 3811 256 3870; x_wconf 88' lang='lat' dir='ltr'><strong>L.</strong></span> <span class='ocrx_word' id='word_1_191' title='bbox 271 3807 549 3881; x_wconf 65' lang='lat' dir='ltr'><strong>deminutum,</strong></span> <span class='ocrx_word' id='word_1_192' title='bbox 564 3807 647 3886; x_wconf 85' lang='lat' dir='ltr'><strong>apud</strong></span> <span class='ocrx_word' id='word_1_193' title='bbox 657 3807 805 3870; x_wconf 70' lang='lat' dir='ltr'><strong>Maricell.</strong></span> 
     </span>
    </p>
   </div>
   <div class='ocr_carea' id='block_1_4' title="bbox 155 3909 694 4092">
    <p class='ocr_par' dir='ltr' id='par_1_4' title="bbox 155 3909 694 4092">
     <span class='ocr_line' id='line_1_29' title="bbox 159 3909 677 3987; baseline 0.004 -21"><span class='ocrx_word' id='word_1_194' title='bbox 159 3909 203 3987; x_wconf 75' lang='lat' dir='ltr'><strong>(a)</strong></span> <span class='ocrx_word' id='word_1_195' title='bbox 223 3913 268 3967; x_wconf 85' lang='lat' dir='ltr'><strong>De</strong></span> <span class='ocrx_word' id='word_1_196' title='bbox 279 3910 357 3968; x_wconf 85' lang='lat' dir='ltr'><strong>Hist.</strong></span> <span class='ocrx_word' id='word_1_197' title='bbox 370 3909 491 3966; x_wconf 86' lang='lat' dir='ltr'><strong>animal.</strong></span> <span class='ocrx_word' id='word_1_198' title='bbox 504 3910 523 3964; x_wconf 96' lang='lat' dir='ltr'><strong>l.</strong></span> <span class='ocrx_word' id='word_1_199' title='bbox 541 3929 571 3983; x_wconf 87' lang='lat'><strong>1,</strong></span> <span class='ocrx_word' id='word_1_200' title='bbox 586 3931 613 3969; x_wconf 88' lang='lat' dir='ltr'><strong>c.</strong></span> <span class='ocrx_word' id='word_1_201' title='bbox 632 3909 677 3968; x_wconf 73' lang='grc' dir='ltr'><strong>ιδ.</strong></span> 
     </span>
     <span class='ocr_line' id='line_1_30' title="bbox 155 4008 694 4092; baseline -0.015 -22"><span class='ocrx_word' id='word_1_202' title='bbox 155 4011 199 4090; x_wconf 82' lang='lat'><strong>(3)</strong></span> <span class='ocrx_word' id='word_1_203' title='bbox 218 4013 255 4076; x_wconf 84' lang='lat' dir='ltr'><strong>Iu</strong></span> <span class='ocrx_word' id='word_1_204' title='bbox 267 4029 369 4092; x_wconf 83' lang='lat' dir='ltr'><strong>expos.</strong></span> <span class='ocrx_word' id='word_1_205' title='bbox 383 4008 448 4082; x_wconf 78' lang='lat' dir='ltr'><strong>ejus</strong></span> <span class='ocrx_word' id='word_1_206' title='bbox 464 4009 534 4067; x_wconf 82' lang='lat' dir='ltr'><strong>loci.</strong></span> <span class='ocrx_word' id='word_1_207' title='bbox 633 4046 635 4050; x_wconf 88' lang='lat'><em>-</em></span> <span class='ocrx_word' id='word_1_208' title='bbox 693 4080 694 4088; x_wconf 8' lang='grc' dir='ltr'>ἵ</span> 
     </span>
    </p>
   </div>
   <div class='ocr_carea' id='block_1_5' title="bbox 0 0 1454 4658">
    <p class='ocr_par' dir='ltr' id='par_1_5' title="bbox 0 0 1454 4658">
     <span class='ocr_line' id='line_1_31' title="bbox 0 0 1454 4658; baseline 0 0"><span class='ocrx_word' id='word_1_209' title='bbox 0 0 1454 4658; x_wconf 95' lang='lat' dir='ltr'><strong> </strong></span> 
     </span>
    </p>
   </div>
  </div>
 </body>
</html>
