2782 4652
257 471 329 561 486
424 493 470 542 ns
496 491 643 542 sturnos
668 491 861 542 tumosis
887 492 1104 574 nonnonuu*

259 605 746 712 pluribus'exceptionihus
774 631 861 682 vera
889 632 968 680 esse
1001 629 1133 706 posse,
1158 608 1268 680 exiis

259 755 341 830 qnae
365 729 454 800 alias
473 726 521 798 ad
546 741 582 798 te
611 727 763 825 scripsi,
789 727 1031 826 petspexeris.
1050 729 1146 799 ‘Nec
1169 749 1267 826 sane

135 881 137 886 ·
259 849 321 920 hic
338 847 394 920 uti
412 846 498 918 lieet.
520 845 740 943 exceptione
759 844 821 917 illa
838 870 922 944 qnae
943 845 982 916 in
1005 859 1176 915 extrema
1193 843 1267 942 epi·

256 967 350 1039 stola
367 965 449 1060 xl(
476 969 490 1060 )
517 979 724 1036 memorata
740 977 815 1048 est;
833 963 926 1062 ¹cito.
940 961 1042 1036 enim
1060 957 1182 1032 febris
1201 960 1266 1032 ad-

256 1084 371 1156 venit.
391 1087 437 1152 Et
449 1081 497 1152 de
518 1080 588 1152 alia
600 1105 716 1179 quam
728 1081 885 1179 epistola
899 1080 999 1172 ll(i)
1009 1078 1266 1180 indicavi,hic

195 1231 200 1262 ·.
261 1199 417 1274 fortasse
446 1199 612 1296 aprino
638 1198 850 1288 dubitabis,
877 1223 963 1272 cum
992 1195 1030 1268 in
1066 1200 1268 1298 utriusque

260 1317 404 1416 aphoni
421 1316 579 1404 cerebro
594 1317 708 1390 fnisse
719 1341 855 1418 aquam
872 1317 1026 1390 videris:
1045 1339 1267 1418 quanquam

258 1438 297 1508 in
318 1436 392 1507 hoc
407 1460 521 1534 quem
540 1437 726 1534 corripuit
739 1434 871 1524 febris,
886 1443 966 1508 non
979 1459 1144 1508 semsam
1154 1435 1270 1508 fuisse

258 1551 518 1650 apoplexiam,
544 1551 609 1624 sed
634 1568 792 1651 propter
818 1552 1083 1643 cavernulam,
1116 1551 1165 1624 ab
1185 1577 1268 1624 san-

259 1671 373 1768 guiue
403 1684 638 1758 excavatum,
669 1671 913 1768 sanguineam
951 1671 1079 1769 potius
1113 1668 1269 1742 credere

258 1786 378 1858 liceat.
439 1859 443 1870 ,
1013 1859 1018 1897 f

314 1902 368 1976 15.
390 1907 578 1996 Quoniam
593 1927 800 1980 veroleum
820 1905 868 1978 de
891 1901 1056 2004 aphonia
1078 1904 1170 1976 alias
1189 1903 1270 2002 egi,

262 2021 407 2094 nonde
429 2019 577 2096 funesta
603 2021 803 2114 duntaxat,
836 2042 954 2121 eaque
986 2047 1032 2094 ex
1065 2020 1267 2108 ebrietate,

262 2163 392 2214 verum
417 2141 527 2214 etiam
557 2140 603 2214 de
624 2140 693 2214 alia
719 2143 833 2239 longe
849 2140 1021 2214 dissimili
1037 2139 1154 2212 verba
1175 2137 1268 2227 feei,

264 2259 495 2330 curationem
504 2258 704 2356 quamdam
722 2257 888 2331 referens
900 2243 1046 2348 meam-‘3
1061 2281 1269 2356 nuncquo·

262 2399 337 2472 que
347 2375 468 2473 placet
481 2375 1108 2474 curationesduasaliasinaphonis
1121 2375 1270 2450 duabus

234 2537 237 2544 .
260 2491 471 2592 virginibus
492 2492 582 2581 tibi,
615 2493 678 2566 sed
703 2496 920 2592 perpetuom,
945 2491 1169 2592 siguificare.
1198 2498 1269 2565 Pro

260 2625 421 2708 utraque
437 2627 474 2684 et
493 2611 686 2696 consultus
703 2635 784 2684 sum
799 2667 809 2701 ,
823 2628 859 2687 et
873 2613 1065 2712 respondi.
1080 2617 1126 2685 Et
1140 2627 1270 2686 sanata
1384 2599 1385 2606 ἵ

261 2727 417 2826 quidem
431 2743 595 2834 ,utraque
610 2727 970 2820 estadoleseentula‚
983 2729 1100 2804 altera
1114 2727 1273 2804 fortasse

261 2870 372 2934 ame,
392 2847 508 2920 altera
522 2863 624 2920 certe
644 2850 808 2947 potiusa
828 2873 927 2923 casu.
958 2853 1053 2922 Cum
1068 2849 1193 2938 enim,
1213 2869 1273 2920 re·
1384 2865 1385 2926 J

262 2963 396 3038 mediis
414 2991 493 3038 non
511 2963 817 3066 proficientibus,
842 2992 908 3040 rus
926 2966 1024 3040 forte
1037 2959 1155 3056 duola
1175 2982 1273 3040 esset
1382 2982 1385 2993 '

262 3080 460 3154 vindemiae
494 3099 694 3182 tempore,
724 3084 900 3158 ibidum
938 3107 1049 3156 uvam
1078 3098 1273 3182 gustaret,

264 3197 418 3290 accidit,
437 3217 479 3274 ut
500 3201 643 3300 aliquid
664 3229 709 3275 ex
728 3226 773 3276 ea
791 3203 830 3274 in
858 3203 1052 3301 laryngem
1074 3201 1271 3290 incidens,

263 3317 394 3419 tussim
414 3317 677 3394 vehementem
693 3303 884 3410 moveret,
902 3336 989 3420 post
1007 3343 1123 3420 quam
1143 3320 1269 3391 statim

265 3430 372 3532 loqui
400 3437 548 3535 potuit;
574 3437 639 3512 sed
663 3443 743 3512 non
766 3437 923 3538 longum
938 3437 989 3510 'ud
1005 3452 1182 3537 tempus,
1201 3461 1271 3510 nee

266 3553 428 3644 mirum,
450 3555 593 3654 quippe
608 3557 649 3640 in
673 3581 715 3630 ea
740 3581 823 3655 quae
848 3572 885 3630 et
902 3555 992 3630 alias
1017 3557 1057 3628 in
1087 3554 1270 3627 diuturno

264 3667 438 3766 aphoniae
462 3670 623 3744 decursu
649 3698 735 3750 cum
764 3672 882 3745 libera
905 3671 1110 3788 aliquando
1133 3671 1184 3746 ab
1201 3671 1270 3744 hac
1388 3679 1389 3754 j
