2858 4658
274 467 300 552 6
437 500 484 548 nn
509 492 657 548 seorsus
681 495 726 546 nr
751 499 875 549 csusrs
902 500 1112 551 nonnonun

274 630 509 716 provectum.
528 618 670 686 Verum
689 615 833 685 nemini
851 613 1107 704 medicorum,
1134 631 1176 688 ut
1191 617 1285 710 dui,

276 733 463 831 ejusmodi
491 757 600 806 casus
625 759 705 804 non
736 725 973 807 occurrerint
1002 760 1046 806 ex
1072 735 1137 806 illo
1162 761 1284 836 usque

274 868 446 951 tempore
477 875 555 948 quo
585 853 730 950 primus
762 855 933 924 omnium
961 855 1210 952 Hippocrates
1229 854 1284 952 (r)
1318 865 1320 870 ’

275 969 544 1044 Atheniensem
573 969 681 1040 illurn
717 972 962 1059 memoravit,
991 961 1059 1070 ¹qui
1089 975 1285 1072 prurigine

275 1101 358 1159 toto
383 1109 545 1184 corpore
579 1087 909 1161 vehementissime
937 1091 1144 1178 cruciatus,
1165 1116 1286 1190 eaque

277 1205 374 1276 cutis
385 1205 648 1292 crassitudine,
663 1221 700 1276 et
716 1220 892 1304 aspectu,
907 1222 949 1278 ut
961 1207 1104 1306 lepram
1112 1207 1286 1300 referret,

278 1345 366 1394 cum
385 1321 531 1394 balneis
550 1322 681 1394 calidis
698 1347 781 1420 quae
799 1325 838 1395 in
856 1325 957 1396 Melo
971 1343 1057 1398 sunt
1072 1351 1160 1400 usus
1173 1341 1286 1418 esset,

280 1463 305 1511 a
320 1445 483 1540 pruritu
501 1441 667 1538 quidem,
684 1453 722 1511 et
740 1449 833 1513 cutis
850 1444 1095 1516 crassitudine
1110 1443 1289 1516 liberatus

281 1573 490 1648 cst,verum
502 1558 733 1658 hydropicus
738 1566 888 1652 suctus,
904 1577 1140 1636 mortuusest.
1149 1567 1288 1634 Earum

279 1692 405 1748 autem
423 1661 647 1748 bdlnearnm
667 1701 783 1774 aquas
805 1675 918 1750 fuisse
934 1679 1174 1777 sulphureas,
1188 1683 1291 1750 Mar-

278 1796 405 1867 tianus
426 1796 481 1892 (2)
497 1793 696 1882 censebat,
717 1811 753 1868 et
776 1811 877 1868 certe
900 1795 1043 1868 Plinius
1059 1797 1113 1894 (3)
1130 1797 1292 1896 sulphur

209 1973 213 1982 ,
281 1913 549 1986 nobilissimum
568 1920 607 1984 in
623 1913 725 1985 Melo
741 1912 1139 2002 insula,Dioscorides
1157 1913 1292 2013 (4)an·
1397 2007 1399 2016 J

280 2045 357 2103 tem
365 2029 575 2131 plurimum
589 2037 696 2129 gigni
710 2031 959 2104 tradiderunt.

333 2155 366 2237 4.
391 2155 495 2236 Haec,
514 2163 627 2248 atque
652 2175 696 2222 ea
720 2152 926 2248 pracsertim
960 2174 1042 2248 quae
1073 2149 1119 2219 de
1148 2147 1294 2222 morbis

274 2256 578 2340 'commemoravi
597 2267 759 2340 scabiem
778 2270 990 2342 consecutis
1007 2265 1295 2339 inunctionihus

282 2383 472 2472 abactam,
490 2409 536 2456 eo
552 2399 589 2456 te
604 2381 710 2458 facile
725 2385 932 2475 adducent,
945 2399 987 2455 ut
1000 2409 1045 2455 ex
1056 2408 1116 2454 me
1131 2407 1295 2480 quaeras,

189 2510 193 2531 ¹
283 2502 378 2601 quid
391 2503 506 2602 igitur
520 2504 678 2576 sentiam
695 2503 743 2574 de
760 2503 1021 2576 minutissimis
1041 2500 1297 2587 animalculis,

284 2645 369 2719 quae
402 2636 506 2692 aetate
531 2636 659 2694 nostra
683 2645 771 2692 cum
796 2619 1148 2693 animadvertissent
1172 2619 1296 2718 perin-

287 2739 422 2811 dustrii
446 2739 536 2826 viri,
557 2754 594 2811 et
618 2741 768 2811 unicam
793 2738 931 2811 scabiei
952 2762 1101 2810 causam
1130 2736 1300 2810 essedo

200 2871 202 2875 ’
286 2857 474 2945 cuissent,
503 2855 718 2928 docuerunt
753 2880 931 2954 quoque,
967 2854 1215 2953 praetermissa
1240 2855 1299 2926 in-

284 2991 394 3048 terna
411 2975 624 3061 curatione,
646 2996 888 3070 quocumque
909 2974 1000 3044 anni
1016 2988 1207 3070 tempore,
1224 2973 1298 3046 sul-

284 3092 464 3192 phureis,
483 3091 609 3162 aliisve
627 3115 710 3188 quae
729 3091 810 3187 ipsa
827 3092 1113 3180 interimerent,
1132 3092 1296 3164 exterius

282 3209 462 3282 adhibitis
497 3232 575 3280 esse
599 3208 905 3297 exterminanda3
933 3211 986 3281 sic
1020 3212 1121 3310 enim
1149 3209 1295 3283 sublata

283 3351 414 3414 causa,
431 3327 507 3398 cito
527 3340 563 3396 et
583 3339 666 3397 tuto
685 3324 848 3400 scabiem
861 3351 1105 3417 evanescere,
1118 3327 1224 3398 nullo
1235 3328 1294 3398 in-

283 3443 503 3532 commodo,
516 3442 659 3516 nedum
671 3443 829 3533 morbo,
844 3447 1079 3544 insequente.
1103 3450 1182 3542 Ego
1199 3468 1292 3518 vero

317 3745 361 3829 (ι)
383 3748 471 3826 Epid.
487 3751 508 3806 l.
525 3747 559 3821 5,
577 3768 608 3805 n.
625 3755 642 3816 4
657 3750 739 3826 apud
755 3749 904 3808 Marincll.

273 3853 275 3860 '
317 3851 346 3932 (a
381 3852 493 3908 Annot.
509 3847 651 3909 adhunc.
666 3851 812 3926 Hippocr.
827 3853 936 3911 locum.

329 3850 359 4030 'il
379 3953 448 4010 Nat.
466 3951 533 4010 Hist
558 3954 578 4008 l.
598 3951 653 4022 35,
669 3971 694 4008 c.
713 3949 759 4008 15.

311 3951 341 4133 il.
375 4055 420 4112 De
431 4053 538 4114 medic.
550 4063 621 4110 mat.
637 4053 658 4108 l.
673 4049 708 4122 5,
728 4070 753 4108 c.
768 4051 820 4109 83ι
846 4085 849 4092 .
