2836 4648
112 503 605 579 mnunssnnrunrsannm.
616 505 808 556 summos.
822 503 1027 556 nrrsrmxx.
1044 481 1122 582 687

106 625 291 698 nolumus
304 619 605 724 praetermittere)
617 622 824 696 uniusvioe
840 617 1037 694 foraminis
1047 645 1122 720 pro

105 767 207 817 vena
223 763 312 815 cava
321 745 362 814 in
371 727 884 830 thoracem'transmittenda,
899 725 976 812 duo
985 738 1123 814 habuit

106 861 333 934 tenuissimo
342 857 727 960 quideminterstitio,
741 857 809 933 sed
820 856 1122 948 evidentissimo,
1219 941 1224 953 ,

2 981 3 1004 ¹
106 979 240 1054 divisa.

143 1101 303 1172 'Venter
315 1094 481 1193 denique
498 1095 539 1166 in
556 1095 603 1167 iis
621 1118 705 1194 quae
724 1093 866 1168 relictae
885 1095 1021 1194 inipso
1036 1089 1122 1169 fue·¹

1 1217 5 1260 ²
105 1231 217 1306 rant,
246 1213 388 1288 infimis
410 1212 584 1313 partibus
601 1211 681 1286 haec
699 1212 873 1287 exhibuit
892 1212 1122 1300 adnotanda.

106 1334 292 1406 Ovar'ium
334 1347 566 1430 utrumque,
602 1345 641 1404 et
667 1334 890 1431 presertim·
908 1331 1123 1421 dexterum,

2 1456 4 1496 r
103 1453 263 1541 album,
279 1467 318 1526 et
336 1449 517 1548 grandius
526 1449 719 1548 permulto
731 1469 847 1550 quam
857 1451 1071 1541 consuevit,
1084 1463 1123 1524 et

2 1591 3 1620 ³
101 1571 355 1660 tuberosum,
375 1593 422 1640 ex
440 1565 639 1642 tuberibus
660 1565 797 1657 fiebat,
814 1570 891 1642 sive
911 1595 957 1644 ex
977 1569 1125 1669 hydati-

2 1699 4 1740 ³
104 1689 249 1778 dibus,
282 1711 377 1787 quas
397 1685 512 1763 ,inter
539 1687 703 1784 mnjores
733 1671 1020 1786 (tremulique,
1046 1711 1123 1787 pras

1 1818 4 1860 f
106 1807 276 1896 caeteris,
306 1829 407 1904 aqua
431 1803 528 1876 adeo
557 1803 765 1898 distentae','·
780 1818 825 1877 ut
847 1805 1064 1894 altiuscule,
1091 1807 1125 1880 si

2 1935 5 1980 ³
111 1947 328 2026 pungeres,
362 1921 564 2022 prosiliret.
589 1921 697 1996 Tuba
724 1937 886 2020 utraque
921 1937 1050 1996 tamen
1077 1921 1130 1996 ab

1 2059 5 2102 ὲ
107 2045 191 2116 illis
216 2057 296 2116 erat
321 2043 482 2115 om'nino
504 2041 637 2116 soluta.
661 2039 811 2115 Uterini
833 2039 944 2116 dandi
963 2042 1126 2116 interior
1185 2084 1186 2088 ¹

1 2178 4 2219 t
108 2159 225 2234 factes
246 2185 291 2234 ex
312 2161 431 2234 rubro
455 2159 686 2260 nigricabat,
718 2184 858 2260 nempe
884 2183 910 2232 a
940 2161 1125 2260 sanguino

2 2286 3 2291 ’
109 2279 391 2380 pluribusloeis
402 2277 643 2369 subsistente,
653 2301 769 2378 quem
784 2280 815 2351 si
827 2293 870 2350 ut
880 2275 1125 2378 exprimeres,

113 2383 256 2497 digitos
281 2400 446 2473 euterius
468 2412 579 2471 utero
606 2395 850 2496 subjiciebas,
875 2421 952 2497 prae
974 2397 1125 2470 laxitate
1163 2453 1166 2458 ·

2 2537 3 2576 t
109 2514 226 2590 facies
256 2516 320 2590 illa
337 2519 497 2590 interior
524 2515 772 2590 lacerabatur.
798 2519 889 2608 Quae
906 2541 985 2608 res,
1012 2531 1127 2616 atque

2 2683 3 2686 ,
109 2631 247 2720 altera,
283 2658 389 2708 ame
412 2636 453 2706 in
480 2633 616 2707 eodem
638 2633 818 2708 cadavere
850 2633 1152 2724 animadversa*x
1192 2619 1195 2629 ’

113 2763 154 2821 et
191 2749 256 2824 hic
290 2777 361 2850 pro
384 2754 536 2826 raritate
559 2777 643 2827 non
675 2752 887 2844 reticenda,
918 2755 1059 2851 nempe
1072 2745 1141 2825 'de

112 2863 269 2940 duobus
299 2871 430 2942 nervis
465 2869 572 2968 (1),
596 2872 638 2942 in
658 2889 760 2969 qnos
796 2895 913 2943 manu
935 2853 1138 2945 'duntaxat'

110 2982 337 3090 interposita
348 2987 538 3060 cruralem
562 2990 815 3086 posteriorem
834 2988 883 3060 ad
894 2984 1036 3062 ventris
1047 2989 1129 3090 pel·
1166 2978 1168 2984 ’

111 3103 191 3174 rim
213 3128 337 3202 usque
364 3105 588 3198 diviseram,
607 3131 698 3181 eum
726 3109 904 3200 alterum,
922 3110 990 3208 qui
1006 3109 1129 3208 vpaulo

114 3235 195 3294 erat
230 3227 332 3294 socio
358 3219 537 3317 crassitie,
572 3225 695 3300 cultro
727 3225 890 3302 induas
919 3228 1132 3302 secundum

33 3363 36 3384 ¹
112 3341 393 3440 longitudinem
420 3363 547 3448 partes
571 3341 805 3426 discidissem
820 3407 831 3442 ,
849 3372 914 3424 vas
932 3349 1033 3422 inter
1048 3347 1130 3444 ejus
1222 3407 1227 3416 ,

113 3458 255 3551 fibras,
290 3461 433 3562 hisque
469 3468 752 3568 propemodum
794 3467 1040 3569 parallelum,
1059 3473 1133 3538 ne'c
1227 3487 1228 3493 ’

113 3579 251 3678 procul
264 3578 328 3652 'ab
347 3586 454 3654 nervi
480 3584 651 3684 ejusdem
667 3613 739 3659 axe
764 3577 926 3675 offendi,
948 3585 1133 3683 sangnine

115 3697 271 3796 plenum
298 3752 310 3784 ,Ν
334 3699 460 3796 4(ιιῃίιε
488 3702 675 3776 diameter
708 3705 806 3776 vasis
851 3704 1133 3776 Bononiensem

118 3813 260 3888 lineam
281 3813 400 3890 ferme
416 3819 607 3917 aequabat3
626 3821 684 3892 hae
702 3817 839 3920 igitur,
864 3834 909 3894 ut
924 3820 1051 3896 dicere
1074 3823 1134 3892 in-

214 3973 215 3976 ,
498 3978 500 3980 ,

157 4049 205 4135 (1)
225 4053 294 4114 Vid.
309 4055 405 4135 Epist.¹
421 4055 474 4138 69,
487 4077 520 4118 u.
535 4077 563 4118 a.
