2836 4648
290 509 294 520 .
326 463 402 540 600
461 497 465 504 ·
492 485 539 532 nn
565 477 718 532 sumnus
736 479 781 528 nn
807 473 931 530 cauus
955 481 1171 540 noanonun

323 615 422 676 tasse
434 601 474 670 in
497 581 587 697 quo·
602 579 901 696 'egahaerebam,
923 597 1131 693 pervidisse
1158 595 1202 671 et'
1219 573 1334 700 {crip-

270 703 290 829 ’μ
321 721 415 794 aisse
439 729 636 816 poterant,
661 738 739 785 non
762 713 924 810 amplius
949 713 1241 788 subsistendum
1262 743 1334 791 esse

300 830 550 910 stdocuerunt.
578 835 792 928 Utrumque
816 845 957 920 autem,
986 833 1017 903 si
1035 857 1212 930 unquam
1237 835 1334 924 alias,

324 941 545 1028 certe'nunc
559 947 716 1022 ·faciam.
737 950 844 1022 Prius
864 950 966 1020 enim
991 975 1107 1048 quam
1124 952 1245 1023 istam
1262 977 1334 1050 qua

323 1071 527 1144 novissime
540 1067 734 1168 proposita
753 1079 827 1155 est,
847 1067 1000 1138 uvulam
1019 1069 1169 1140 caeteris
1185 1095 1273 1166 quae
1290 1095 1334 1141 se·

324 1187 492 1264 cundum
502 1201 676 1259 naturam
690 1199 793 1272 sunt,
804 1183 976 1283 partibus
988 1185 1202 1284 adjungam
1216 1241 1229 1273 ‚
1251 1186 1333 1286 quid

324 1307 372 1380 de
385 1310 466 1406 ipsa
484 1305 606 1378 visum
616 1305 759 1376 interea
771 1300 885 1374 fuerit
901 1302 982 1374 aliis
996 1304 1137 1402 ,legam
1151 1359 1163 1390 ‚
1185 1307 1235 1377 iis
1258 1304 1332 1377 dico

323 1421 572 1524 quibusnihil
583 1421 668 1517 jure
694 1421 825 1518 negari
839 1419 957 1517 possit
970 1417 1018 1491 de
1033 1433 1088 1491 tot
1103 1419 1333 1516 adjumenu's

315 1565 406 1640 ¹quae
423 1542 464 1610 in
478 1563 637 1638 magno,
658 1537 689 1610 si
704 1537 867 1636 ingenue
887 1537 1100 1646 loquimur,
1116 1545 1331 1613 anatomico

321 1661 594 1757 requiruntur,
617 1655 805 1754 simulque
825 1657 930 1753 ipse,
956 1656 1332 1757 quantuluscumque

239 1779 242 1789 '
323 1801 428 1865 sum,
444 1775 492 1848 ad
505 1797 567 1847 eas
576 1797 669 1874 quas
679 1771 813 1860 retuli,
842 1771 931 1845 alias
947 1771 1081 1845 addam
1092 1779 1323 1873 perquisitio
1406 1793 1407 1798 ’

320 1917 398 1978 nes.
414 1897 584 1984 Quarum
600 1893 740 1964 exitum
767 1888 930 1962 fideliter
947 1889 1016 1962 tibi
1035 1905 1124 1988 post
1143 1891 1331 1988 absolutas

315 2012 359 2082 'in
379 2023 562 2106 sequente
583 2007 717 2105 hyeme
732 1993 976 2114 dis'sectiunes
986 2004 1217 2104 significabo
1235 2011 1250 2104 (
1277 2010 1301 2106 ).
1406 2019 1407 2050 ³

357 2126 429 2228 ¹16.
449 2128 589 2196 Caetera
600 2147 691 2195 vero
704 2148 808 2220 quaa,
829 2125 926 2195 sicut
940 2123 1050 2194 initio
1070 2122 1215 2195 harum
1232 2125 1327 2198 litte·

297 2267 449 2316 -rarum
485 2241 661 2340 promisi,
683 2239 731 2312 ad
753 2239 916 2314 morbos*
930 2239 1152 2338 genitalium
1173 2245 1329 2316 attinent

320 2362 503 2459 partium,
537 2383 653 2458 quam
692 2359 857 2456 primum
896 2371 1050 2456 potero,
1081 2361 1326 2456 perscribam.

318 2477 423 2552 Vale.

316 2853 320 2868 ι
354 2801 402 2880 (1)
421 2801 490 2860 Vid.
506 2777 600 2882 Epist.
615 2809 709 2858 totam
726 2817 775 2872 7⁹.
