<?xml version="1.0" encoding="UTF-8"?>
<!DOCTYPE html PUBLIC "-//W3C//DTD XHTML 1.0 Transitional//EN"
    "http://www.w3.org/TR/xhtml1/DTD/xhtml1-transitional.dtd">
<html xmlns="http://www.w3.org/1999/xhtml" xml:lang="en" lang="en">
 <head>
  <title>
</title>
<meta http-equiv="Content-Type" content="text/html;charset=utf-8" />
  <meta name='ocr-system' content='tesseract 3.04.00' />
  <meta name='ocr-capabilities' content='ocr_page ocr_carea ocr_par ocr_line ocrx_word'/>
</head>
<body>
  <div class='ocr_page' id='page_1' title='image "./desedibusetcaus02adelgoog_0094.png"; bbox 0 0 2858 4658; ppageno 0'>
   <div class='ocr_carea' id='block_1_1' title="bbox 171 380 1132 488">
    <p class='ocr_par' dir='ltr' id='par_1_1' title="bbox 171 380 1132 488">
     <span class='ocr_line' id='line_1_1' title="bbox 171 380 1132 488; baseline 0.002 -38"><span class='ocrx_word' id='word_1_1' title='bbox 171 404 249 450; x_wconf 74' lang='lat' dir='ltr'><strong>ara.</strong></span> <span class='ocrx_word' id='word_1_2' title='bbox 262 401 310 452; x_wconf 78' lang='lat' dir='ltr'><strong>rr.</strong></span> <span class='ocrx_word' id='word_1_3' title='bbox 326 398 732 474; x_wconf 67' lang='lat' dir='ltr'><strong>munumentum,</strong></span> <span class='ocrx_word' id='word_1_4' title='bbox 749 391 817 448; x_wconf 91' lang='lat' dir='ltr'><strong>etc.</strong></span> <span class='ocrx_word' id='word_1_5' title='bbox 832 402 944 450; x_wconf 77' lang='lat' dir='ltr'><strong>rr1sn</strong></span> <span class='ocrx_word' id='word_1_6' title='bbox 962 403 1034 451; x_wconf 76' lang='lat' dir='ltr'><strong>rvr.</strong></span> <span class='ocrx_word' id='word_1_7' title='bbox 1079 380 1132 488; x_wconf 78' lang='lat'><strong>‚⁸7</strong></span> 
     </span>
    </p>
   </div>
   <div class='ocr_carea' id='block_1_2' title="bbox 121 515 1222 2262">
    <p class='ocr_par' dir='ltr' id='par_1_2' title="bbox 121 515 1222 2262">
     <span class='ocr_line' id='line_1_2' title="bbox 169 515 1134 616; baseline -0.001 -24"><span class='ocrx_word' id='word_1_8' title='bbox 169 517 209 592; x_wconf 89' lang='grc'><strong>6.</strong></span> <span class='ocrx_word' id='word_1_9' title='bbox 224 519 336 612; x_wconf 85' lang='lat' dir='ltr'><strong>Nunc</strong></span> <span class='ocrx_word' id='word_1_10' title='bbox 349 516 506 616; x_wconf 88' lang='lat' dir='ltr'><strong>quando</strong></span> <span class='ocrx_word' id='word_1_11' title='bbox 529 515 720 588; x_wconf 80' lang='lat' dir='ltr'><strong>nonnuttae</strong></span> <span class='ocrx_word' id='word_1_12' title='bbox 740 530 826 588; x_wconf 86' lang='lat' dir='ltr'><strong>sunt</strong></span> <span class='ocrx_word' id='word_1_13' title='bbox 852 515 1134 591; x_wconf 83' lang='lat' dir='ltr'><strong>observationes</strong></span> 
     </span>
     <span class='ocr_line' id='line_1_3' title="bbox 121 632 1137 736; baseline 0.001 -30"><span class='ocrx_word' id='word_1_14' title='bbox 121 651 432 708; x_wconf 74' lang='lat' dir='ltr'><strong>commemorate</strong></span> <span class='ocrx_word' id='word_1_15' title='bbox 449 632 588 730; x_wconf 88' lang='lat' dir='ltr'><strong>quibus</strong></span> <span class='ocrx_word' id='word_1_16' title='bbox 603 632 920 736; x_wconf 38' lang='lat' dir='ltr'><strong>ostenditur‘quid</strong></span> <span class='ocrx_word' id='word_1_17' title='bbox 941 635 981 704; x_wconf 92' lang='lat' dir='ltr'><strong>in</strong></span> <span class='ocrx_word' id='word_1_18' title='bbox 995 633 1067 706; x_wconf 82' lang='lat' dir='ltr'><strong>iltis</strong></span> <span class='ocrx_word' id='word_1_19' title='bbox 1081 659 1137 707; x_wconf 87' lang='lat' dir='ltr'><strong>ac·</strong></span> 
     </span>
     <span class='ocr_line' id='line_1_4' title="bbox 122 749 1135 850; baseline 0 -26"><span class='ocrx_word' id='word_1_20' title='bbox 122 753 439 850; x_wconf 86' lang='lat' dir='ltr'><strong>cideritquorum</strong></span> <span class='ocrx_word' id='word_1_21' title='bbox 458 751 580 822; x_wconf 81' lang='lat' dir='ltr'><strong>femur</strong></span> <span class='ocrx_word' id='word_1_22' title='bbox 597 765 660 822; x_wconf 90' lang='lat' dir='ltr'><strong>aut</strong></span> <span class='ocrx_word' id='word_1_23' title='bbox 675 749 854 841; x_wconf 82' lang='lat' dir='ltr'><strong>fractum,</strong></span> <span class='ocrx_word' id='word_1_24' title='bbox 872 765 935 822; x_wconf 90' lang='lat' dir='ltr'><strong>ant</strong></span> <span class='ocrx_word' id='word_1_25' title='bbox 945 753 1135 850; x_wconf 85' lang='lat' dir='ltr'><strong>integrum</strong></span> 
     </span>
     <span class='ocr_line' id='line_1_5' title="bbox 123 869 1186 969; baseline 0 -26"><span class='ocrx_word' id='word_1_26' title='bbox 123 897 168 943; x_wconf 85' lang='lat' dir='ltr'><strong>ex</strong></span> <span class='ocrx_word' id='word_1_27' title='bbox 188 895 260 942; x_wconf 89' lang='lat' dir='ltr'><strong>sua</strong></span> <span class='ocrx_word' id='word_1_28' title='bbox 279 870 368 942; x_wconf 85' lang='lat' dir='ltr'><strong>sede</strong></span> <span class='ocrx_word' id='word_1_29' title='bbox 382 869 625 969; x_wconf 85' lang='lat' dir='ltr'><strong>prolapsum,</strong></span> <span class='ocrx_word' id='word_1_30' title='bbox 642 869 788 944; x_wconf 88' lang='lat' dir='ltr'><strong>restitui</strong></span> <span class='ocrx_word' id='word_1_31' title='bbox 802 870 842 939; x_wconf 91' lang='lat' dir='ltr'><strong>in</strong></span> <span class='ocrx_word' id='word_1_32' title='bbox 864 869 1035 941; x_wconf 90' lang='lat' dir='ltr'><strong>eamdem</strong></span> <span class='ocrx_word' id='word_1_33' title='bbox 1055 895 1136 943; x_wconf 89' lang='lat' dir='ltr'><strong>nou</strong></span> <span class='ocrx_word' id='word_1_34' title='bbox 1180 890 1186 902; x_wconf 76' lang='grc'><strong>“</strong></span> 
     </span>
     <span class='ocr_line' id='line_1_6' title="bbox 123 985 1134 1088; baseline -0.001 -28"><span class='ocrx_word' id='word_1_35' title='bbox 123 990 274 1088; x_wconf 82' lang='lat' dir='ltr'><strong>putuit3</strong></span> <span class='ocrx_word' id='word_1_36' title='bbox 295 985 538 1086; x_wconf 65' lang='lat' dir='ltr'>subjiciendae</span> <span class='ocrx_word' id='word_1_37' title='bbox 564 1003 652 1060; x_wconf 88' lang='lat' dir='ltr'><strong>sunt</strong></span> <span class='ocrx_word' id='word_1_38' title='bbox 675 987 752 1058; x_wconf 86' lang='lat' dir='ltr'><strong>aliae</strong></span> <span class='ocrx_word' id='word_1_39' title='bbox 771 987 903 1059; x_wconf 91' lang='lat' dir='ltr'><strong>eodem</strong></span> <span class='ocrx_word' id='word_1_40' title='bbox 924 989 1134 1062; x_wconf 79' lang='lat' dir='ltr'><strong>attinentes.</strong></span> 
     </span>
     <span class='ocr_line' id='line_1_7' title="bbox 122 1103 1137 1204; baseline 0.002 -26"><span class='ocrx_word' id='word_1_41' title='bbox 122 1113 167 1178; x_wconf 85' lang='lat' dir='ltr'><strong>Et</strong></span> <span class='ocrx_word' id='word_1_42' title='bbox 182 1112 354 1178; x_wconf 77' lang='lat' dir='ltr'><strong>Ioannes</strong></span> <span class='ocrx_word' id='word_1_43' title='bbox 378 1105 531 1204; x_wconf 91' lang='lat' dir='ltr'><strong>quidem</strong></span> <span class='ocrx_word' id='word_1_44' title='bbox 550 1106 793 1178; x_wconf 84' lang='lat' dir='ltr'><strong>Saizmannus</strong></span> <span class='ocrx_word' id='word_1_45' title='bbox 814 1107 853 1176; x_wconf 93' lang='lat' dir='ltr'><strong>in</strong></span> <span class='ocrx_word' id='word_1_46' title='bbox 876 1103 1137 1180; x_wconf 67' lang='lat' dir='ltr'><strong>dissertatione</strong></span> 
     </span>
     <span class='ocr_line' id='line_1_8' title="bbox 124 1221 1137 1322; baseline 0.003 -30"><span class='ocrx_word' id='word_1_47' title='bbox 124 1223 188 1295; x_wconf 87' lang='lat' dir='ltr'><strong>illa·</strong></span> <span class='ocrx_word' id='word_1_48' title='bbox 207 1221 259 1296; x_wconf 89' lang='lat' dir='ltr'><strong>de</strong></span> <span class='ocrx_word' id='word_1_49' title='bbox 278 1245 354 1320; x_wconf 85' lang='lat' dir='ltr'><strong>qua</strong></span> <span class='ocrx_word' id='word_1_50' title='bbox 374 1243 485 1322; x_wconf 84' lang='lat' dir='ltr'><strong>supra</strong></span> <span class='ocrx_word' id='word_1_51' title='bbox 503 1222 711 1294; x_wconf 75' lang='lat' dir='ltr'><strong>indictum</strong></span> <span class='ocrx_word' id='word_1_52' title='bbox 728 1235 801 1309; x_wconf 86' lang='lat' dir='ltr'><strong>est,</strong></span> <span class='ocrx_word' id='word_1_53' title='bbox 819 1224 998 1322; x_wconf 85' lang='lat' dir='ltr'><strong>inscripta</strong></span> <span class='ocrx_word' id='word_1_54' title='bbox 1016 1223 1137 1295; x_wconf 82' lang='lat' dir='ltr'><strong>dear-</strong></span> 
     </span>
     <span class='ocr_line' id='line_1_9' title="bbox 127 1339 1138 1438; baseline 0 -26"><span class='ocrx_word' id='word_1_55' title='bbox 127 1343 412 1412; x_wconf 76' lang='lat' dir='ltr'><strong>tt’eulationibus</strong></span> <span class='ocrx_word' id='word_1_56' title='bbox 424 1339 616 1438; x_wconf 76' lang='lat' dir='ltr'><strong>analogia,</strong></span> <span class='ocrx_word' id='word_1_57' title='bbox 634 1342 910 1437; x_wconf 80' lang='lat' dir='ltr'><strong>quoefracturr&#39;s</strong></span> <span class='ocrx_word' id='word_1_58' title='bbox 924 1348 1060 1412; x_wconf 79' lang='lat' dir='ltr'><strong>ossium</strong></span> <span class='ocrx_word' id='word_1_59' title='bbox 1078 1365 1138 1412; x_wconf 87' lang='lat' dir='ltr'><strong>su·</strong></span> 
     </span>
     <span class='ocr_line' id='line_1_10' title="bbox 121 1457 1222 1558; baseline -0.007 -28"><span class='ocrx_word' id='word_1_60' title='bbox 121 1465 368 1558; x_wconf 74' lang='lat' dir='ltr'><strong>perueniunt,</strong></span> <span class='ocrx_word' id='word_1_61' title='bbox 404 1481 490 1535; x_wconf 87' lang='lat' dir='ltr'><strong>cum</strong></span> <span class='ocrx_word' id='word_1_62' title='bbox 530 1457 605 1528; x_wconf 87' lang='lat' dir='ltr'><strong>hoc</strong></span> <span class='ocrx_word' id='word_1_63' title='bbox 640 1473 904 1555; x_wconf 82' lang='lat' dir='ltr'><strong>argumentum</strong></span> <span class='ocrx_word' id='word_1_64' title='bbox 931 1460 1138 1556; x_wconf 84' lang='lat' dir='ltr'><strong>generatim</strong></span> <span class='ocrx_word' id='word_1_65' title='bbox 1218 1505 1222 1522; x_wconf 87' lang='lat'>.</span> 
     </span>
     <span class='ocr_line' id='line_1_11' title="bbox 126 1573 1136 1675; baseline 0 -27"><span class='ocrx_word' id='word_1_66' title='bbox 126 1589 353 1675; x_wconf 83' lang='lat' dir='ltr'><strong>pertractet,</strong></span> <span class='ocrx_word' id='word_1_67' title='bbox 381 1576 491 1674; x_wconf 84' lang='lat' dir='ltr'><strong>plura</strong></span> <span class='ocrx_word' id='word_1_68' title='bbox 517 1573 632 1646; x_wconf 88' lang='lat' dir='ltr'><strong>habet</strong></span> <span class='ocrx_word' id='word_1_69' title='bbox 650 1601 732 1673; x_wconf 83' lang='lat' dir='ltr'><strong>quea</strong></span> <span class='ocrx_word' id='word_1_70' title='bbox 756 1573 918 1647; x_wconf 84' lang='lat' dir='ltr'><strong>libenter</strong></span> <span class='ocrx_word' id='word_1_71' title='bbox 941 1575 1136 1675; x_wconf 88' lang='lat' dir='ltr'><strong>inspicias,</strong></span> 
     </span>
     <span class='ocr_line' id='line_1_12' title="bbox 127 1689 1139 1790; baseline 0.001 -26"><span class='ocrx_word' id='word_1_72' title='bbox 127 1693 255 1764; x_wconf 85' lang='lat' dir='ltr'><strong>ethuc</strong></span> <span class='ocrx_word' id='word_1_73' title='bbox 274 1689 501 1782; x_wconf 78' lang='lat' dir='ltr'><strong>transferas-3</strong></span> <span class='ocrx_word' id='word_1_74' title='bbox 519 1691 586 1764; x_wconf 90' lang='lat' dir='ltr'><strong>sed</strong></span> <span class='ocrx_word' id='word_1_75' title='bbox 601 1691 883 1764; x_wconf 87' lang='lat' dir='ltr'><strong>observationes</strong></span> <span class='ocrx_word' id='word_1_76' title='bbox 895 1689 1040 1790; x_wconf 85' lang='lat' dir='ltr'><strong>profert</strong></span> <span class='ocrx_word' id='word_1_77' title='bbox 1052 1718 1139 1790; x_wconf 89' lang='lat' dir='ltr'><strong>qua·</strong></span> 
     </span>
     <span class='ocr_line' id='line_1_13' title="bbox 129 1803 1139 1910; baseline 0 -28"><span class='ocrx_word' id='word_1_78' title='bbox 129 1835 209 1882; x_wconf 92' lang='lat' dir='ltr'><strong>rum</strong></span> <span class='ocrx_word' id='word_1_79' title='bbox 230 1803 426 1910; x_wconf 70' lang='lat' dir='ltr'><strong>pleraque</strong></span> <span class='ocrx_word' id='word_1_80' title='bbox 453 1810 610 1882; x_wconf 89' lang='lat' dir='ltr'><strong>eumad</strong></span> <span class='ocrx_word' id='word_1_81' title='bbox 635 1811 705 1880; x_wconf 89' lang='lat' dir='ltr'><strong>alia</strong></span> <span class='ocrx_word' id='word_1_82' title='bbox 732 1811 894 1884; x_wconf 86' lang='lat' dir='ltr'><strong>attinent</strong></span> <span class='ocrx_word' id='word_1_83' title='bbox 924 1833 1024 1899; x_wconf 83' lang='lat' dir='ltr'><strong>ossa,</strong></span> <span class='ocrx_word' id='word_1_84' title='bbox 1057 1827 1139 1904; x_wconf 91' lang='lat' dir='ltr'><strong>tum</strong></span> 
     </span>
     <span class='ocr_line' id='line_1_14' title="bbox 129 1925 1140 2028; baseline 0.002 -30"><span class='ocrx_word' id='word_1_85' title='bbox 129 1925 355 2028; x_wconf 82' lang='lat' dir='ltr'><strong>praesertim,</strong></span> <span class='ocrx_word' id='word_1_86' title='bbox 374 1931 415 1999; x_wconf 90' lang='lat' dir='ltr'><strong>in</strong></span> <span class='ocrx_word' id='word_1_87' title='bbox 433 1927 647 2000; x_wconf 81' lang='lat' dir='ltr'><strong>viventibus</strong></span> <span class='ocrx_word' id='word_1_88' title='bbox 668 1941 769 2000; x_wconf 90' lang='lat' dir='ltr'><strong>tactu</strong></span> <span class='ocrx_word' id='word_1_89' title='bbox 792 1927 972 2000; x_wconf 84' lang='lat' dir='ltr'><strong>duntaxat</strong></span> <span class='ocrx_word' id='word_1_90' title='bbox 993 1927 1140 2023; x_wconf 84' lang='lat' dir='ltr'><strong>judice,</strong></span> 
     </span>
     <span class='ocr_line' id='line_1_15' title="bbox 129 2044 1139 2163; baseline 0.002 -47"><span class='ocrx_word' id='word_1_91' title='bbox 129 2045 203 2117; x_wconf 82' lang='lat' dir='ltr'><strong>n&#39;on</strong></span> <span class='ocrx_word' id='word_1_92' title='bbox 223 2049 266 2118; x_wconf 91' lang='lat' dir='ltr'><strong>in</strong></span> <span class='ocrx_word' id='word_1_93' title='bbox 294 2045 463 2163; x_wconf 54' lang='lat' dir='ltr'><strong>dissectis</strong></span> <span class='ocrx_word' id='word_1_94' title='bbox 489 2045 733 2118; x_wconf 85' lang='lat' dir='ltr'><strong>cadaveribus</strong></span> <span class='ocrx_word' id='word_1_95' title='bbox 749 2044 877 2142; x_wconf 88' lang='lat' dir='ltr'><strong>judice</strong></span> <span class='ocrx_word' id='word_1_96' title='bbox 903 2046 1015 2116; x_wconf 86' lang='lat' dir='ltr'><strong>etiam</strong></span> <span class='ocrx_word' id='word_1_97' title='bbox 1034 2047 1139 2135; x_wconf 88' lang='lat' dir='ltr'><strong>visu,</strong></span> 
     </span>
     <span class='ocr_line' id='line_1_16' title="bbox 127 2161 1140 2262; baseline 0.003 -30"><span class='ocrx_word' id='word_1_98' title='bbox 127 2161 262 2235; x_wconf 82' lang='lat' dir='ltr'><strong>habitae</strong></span> <span class='ocrx_word' id='word_1_99' title='bbox 290 2179 396 2236; x_wconf 91' lang='lat' dir='ltr'><strong>sunt:</strong></span> <span class='ocrx_word' id='word_1_100' title='bbox 419 2163 546 2260; x_wconf 84' lang='lat' dir='ltr'><strong>itaque</strong></span> <span class='ocrx_word' id='word_1_101' title='bbox 568 2189 613 2234; x_wconf 86' lang='lat' dir='ltr'><strong>ex</strong></span> <span class='ocrx_word' id='word_1_102' title='bbox 630 2163 674 2235; x_wconf 88' lang='lat' dir='ltr'><strong>iis</strong></span> <span class='ocrx_word' id='word_1_103' title='bbox 698 2185 791 2260; x_wconf 88' lang='lat' dir='ltr'><strong>quas</strong></span> <span class='ocrx_word' id='word_1_104' title='bbox 812 2161 1050 2262; x_wconf 90' lang='lat' dir='ltr'><strong>potissimum</strong></span> <span class='ocrx_word' id='word_1_105' title='bbox 1077 2161 1140 2235; x_wconf 89' lang='lat' dir='ltr'><strong>hic</strong></span> 
     </span>
    </p>
   </div>
   <div class='ocr_carea' id='block_1_3' title="bbox 130 2277 1318 2378">
    <p class='ocr_par' dir='ltr' id='par_1_3' title="bbox 130 2277 1318 2378">
     <span class='ocr_line' id='line_1_17' title="bbox 130 2277 1318 2378; baseline 0 -26"><span class='ocrx_word' id='word_1_106' title='bbox 130 2284 356 2378; x_wconf 74' lang='lat' dir='ltr'><strong>querimus,</strong></span> <span class='ocrx_word' id='word_1_107' title='bbox 374 2279 489 2352; x_wconf 85' lang='lat' dir='ltr'><strong>habet</strong></span> <span class='ocrx_word' id='word_1_108' title='bbox 507 2280 648 2352; x_wconf 87' lang='lat' dir='ltr'><strong>nullam</strong></span> <span class='ocrx_word' id='word_1_109' title='bbox 664 2307 674 2368; x_wconf 88' lang='lat'>;</span> <span class='ocrx_word' id='word_1_110' title='bbox 692 2281 764 2352; x_wconf 89' lang='lat' dir='ltr'><strong>nisi</strong></span> <span class='ocrx_word' id='word_1_111' title='bbox 779 2277 874 2352; x_wconf 78' lang='lat' dir='ltr'><strong>forte.</strong></span> <span class='ocrx_word' id='word_1_112' title='bbox 885 2281 1043 2353; x_wconf 85' lang='lat' dir='ltr'><strong>attinere</strong></span> <span class='ocrx_word' id='word_1_113' title='bbox 1063 2279 1140 2352; x_wconf 89' lang='lat' dir='ltr'><strong>huc</strong></span> <span class='ocrx_word' id='word_1_114' title='bbox 1253 2301 1255 2304; x_wconf 88' lang='grc'><strong><em>·</em></strong></span> <span class='ocrx_word' id='word_1_115' title='bbox 1310 2295 1318 2320; x_wconf 83' lang='grc'>’</span> 
     </span>
    </p>
   </div>
   <div class='ocr_carea' id='block_1_4' title="bbox 128 2385 1260 3678">
    <p class='ocr_par' dir='ltr' id='par_1_4' title="bbox 128 2385 1260 3678">
     <span class='ocr_line' id='line_1_18' title="bbox 128 2385 1141 2497; baseline 0.004 -29"><span class='ocrx_word' id='word_1_116' title='bbox 128 2399 217 2472; x_wconf 74' lang='lat' dir='ltr'><strong>velis</strong></span> <span class='ocrx_word' id='word_1_117' title='bbox 233 2389 514 2497; x_wconf 72' lang='lat' dir='ltr'><strong>Ruysdhianam</strong></span> <span class='ocrx_word' id='word_1_118' title='bbox 534 2385 635 2470; x_wconf 85' lang='lat' dir='ltr'><strong>illam</strong></span> <span class='ocrx_word' id='word_1_119' title='bbox 656 2423 731 2496; x_wconf 84' lang='lat' dir='ltr'><strong>qua</strong></span> <span class='ocrx_word' id='word_1_120' title='bbox 746 2399 902 2470; x_wconf 87' lang='lat' dir='ltr'><strong>cervicis</strong></span> <span class='ocrx_word' id='word_1_121' title='bbox 915 2399 1000 2471; x_wconf 89' lang='lat' dir='ltr'>loco</span> <span class='ocrx_word' id='word_1_122' title='bbox 1019 2422 1141 2472; x_wconf 88' lang='lat' dir='ltr'><strong>crassa</strong></span> 
     </span>
     <span class='ocr_line' id='line_1_19' title="bbox 129 2499 1139 2616; baseline -0.002 -28"><span class='ocrx_word' id='word_1_123' title='bbox 129 2518 300 2614; x_wconf 69' lang='lat' dir='ltr'><strong>quaedam</strong></span> <span class='ocrx_word' id='word_1_124' title='bbox 318 2515 469 2590; x_wconf 79' lang='lat' dir='ltr'><strong>vincula</strong></span> <span class='ocrx_word' id='word_1_125' title='bbox 487 2532 599 2616; x_wconf 86' lang='lat' dir='ltr'><strong>eaput</strong></span> <span class='ocrx_word' id='word_1_126' title='bbox 614 2539 700 2588; x_wconf 90' lang='lat' dir='ltr'><strong>cum</strong></span> <span class='ocrx_word' id='word_1_127' title='bbox 715 2535 864 2588; x_wconf 91' lang='lat' dir='ltr'><strong>summo</strong></span> <span class='ocrx_word' id='word_1_128' title='bbox 878 2513 1021 2590; x_wconf 81' lang='lat' dir='ltr'><strong>femore</strong></span> <span class='ocrx_word' id='word_1_129' title='bbox 1035 2499 1139 2588; x_wconf 83' lang='lat' dir='ltr'><strong>coni-</strong></span> 
     </span>
     <span class='ocr_line' id='line_1_20' title="bbox 133 2633 1140 2732; baseline 0.001 -28"><span class='ocrx_word' id='word_1_130' title='bbox 133 2635 350 2724; x_wconf 80' lang='lat' dir='ltr'><strong>mittebant3</strong></span> <span class='ocrx_word' id='word_1_131' title='bbox 374 2653 461 2706; x_wconf 84' lang='lat' dir='ltr'><strong>narn</strong></span> <span class='ocrx_word' id='word_1_132' title='bbox 491 2657 574 2732; x_wconf 86' lang='lat' dir='ltr'><strong>qnae</strong></span> <span class='ocrx_word' id='word_1_133' title='bbox 602 2657 646 2706; x_wconf 81' lang='lat' dir='ltr'><strong>ex</strong></span> <span class='ocrx_word' id='word_1_134' title='bbox 675 2633 1013 2706; x_wconf 82' lang='lat' dir='ltr'><strong>Diemerbroeckin</strong></span> <span class='ocrx_word' id='word_1_135' title='bbox 1031 2649 1140 2724; x_wconf 89' lang='lat' dir='ltr'><strong>sunt,</strong></span> 
     </span>
     <span class='ocr_line' id='line_1_21' title="bbox 132 2747 1141 2852; baseline 0.003 -33"><span class='ocrx_word' id='word_1_136' title='bbox 132 2751 214 2844; x_wconf 80' lang='lat' dir='ltr'><strong>illae,</strong></span> <span class='ocrx_word' id='word_1_137' title='bbox 232 2769 279 2826; x_wconf 88' lang='lat' dir='ltr'><strong>ut</strong></span> <span class='ocrx_word' id='word_1_138' title='bbox 300 2773 412 2852; x_wconf 84' lang='lat' dir='ltr'><strong>supra</strong></span> <span class='ocrx_word' id='word_1_139' title='bbox 432 2753 485 2850; x_wconf 87' lang='lat'><strong>(1)</strong></span> <span class='ocrx_word' id='word_1_140' title='bbox 508 2747 861 2842; x_wconf 83' lang='lat' dir='ltr'><strong>animadvertimus,</strong></span> <span class='ocrx_word' id='word_1_141' title='bbox 891 2749 938 2824; x_wconf 91' lang='lat' dir='ltr'><strong>ad</strong></span> <span class='ocrx_word' id='word_1_142' title='bbox 957 2751 1141 2824; x_wconf 83' lang='lat' dir='ltr'><strong>anatomi-</strong></span> 
     </span>
     <span class='ocr_line' id='line_1_22' title="bbox 132 2865 1140 2968; baseline 0.002 -28"><span class='ocrx_word' id='word_1_143' title='bbox 132 2865 206 2940; x_wconf 81' lang='lat' dir='ltr'><strong>cani</strong></span> <span class='ocrx_word' id='word_1_144' title='bbox 221 2871 501 2968; x_wconf 87' lang='lat' dir='ltr'><strong>inspectionem</strong></span> <span class='ocrx_word' id='word_1_145' title='bbox 518 2895 596 2942; x_wconf 94' lang='lat' dir='ltr'><strong>non</strong></span> <span class='ocrx_word' id='word_1_146' title='bbox 615 2871 818 2968; x_wconf 89' lang='lat' dir='ltr'><strong>pertinent.</strong></span> <span class='ocrx_word' id='word_1_147' title='bbox 839 2869 1140 2942; x_wconf 86' lang='lat' dir='ltr'><strong>Pertinetautem</strong></span> 
     </span>
     <span class='ocr_line' id='line_1_23' title="bbox 133 2983 1143 3086; baseline 0.004 -30"><span class='ocrx_word' id='word_1_148' title='bbox 133 2983 268 3086; x_wconf 80' lang='lat' dir='ltr'><strong>duplex</strong></span> <span class='ocrx_word' id='word_1_149' title='bbox 283 2989 324 3058; x_wconf 88' lang='lat' dir='ltr'><strong>in</strong></span> <span class='ocrx_word' id='word_1_150' title='bbox 337 3011 413 3060; x_wconf 90' lang='lat' dir='ltr'><strong>una</strong></span> <span class='ocrx_word' id='word_1_151' title='bbox 427 2988 585 3060; x_wconf 86' lang='lat' dir='ltr'><strong>muliere</strong></span> <span class='ocrx_word' id='word_1_152' title='bbox 597 2987 810 3059; x_wconf 84' lang='lat' dir='ltr'><strong>observatio</strong></span> <span class='ocrx_word' id='word_1_153' title='bbox 826 3009 940 3085; x_wconf 89' lang='lat' dir='ltr'><strong>quam</strong></span> <span class='ocrx_word' id='word_1_154' title='bbox 956 2987 993 3058; x_wconf 92' lang='lat' dir='ltr'><strong>in</strong></span> <span class='ocrx_word' id='word_1_155' title='bbox 1009 2987 1143 3060; x_wconf 87' lang='lat' dir='ltr'><strong>disser-</strong></span> 
     </span>
     <span class='ocr_line' id='line_1_24' title="bbox 134 3101 1143 3204; baseline 0.004 -32"><span class='ocrx_word' id='word_1_156' title='bbox 134 3105 270 3204; x_wconf 68' lang='lat' dir='ltr'><strong>tatione</strong></span> <span class='ocrx_word' id='word_1_157' title='bbox 300 3105 374 3204; x_wconf 86' lang='lat' dir='ltr'><strong>legi</strong></span> <span class='ocrx_word' id='word_1_158' title='bbox 396 3105 633 3204; x_wconf 83' lang='lat' dir='ltr'><strong>Osteologica</strong></span> <span class='ocrx_word' id='word_1_159' title='bbox 662 3102 718 3201; x_wconf 79' lang='lat' dir='ltr'><strong>(a)</strong></span> <span class='ocrx_word' id='word_1_160' title='bbox 748 3102 820 3174; x_wconf 86' lang='lat' dir='ltr'><strong>sub</strong></span> <span class='ocrx_word' id='word_1_161' title='bbox 847 3101 1022 3204; x_wconf 88' lang='lat' dir='ltr'><strong>praesidiu</strong></span> <span class='ocrx_word' id='word_1_162' title='bbox 1044 3103 1143 3176; x_wconf 89' lang='lat' dir='ltr'><strong>cele·</strong></span> 
     </span>
     <span class='ocr_line' id='line_1_25' title="bbox 135 3218 1260 3320; baseline 0.005 -30"><span class='ocrx_word' id='word_1_163' title='bbox 135 3218 227 3297; x_wconf 88' lang='lat' dir='ltr'><strong>herr.</strong></span> <span class='ocrx_word' id='word_1_164' title='bbox 244 3223 382 3296; x_wconf 81' lang='lat' dir='ltr'><strong>Gaubii</strong></span> <span class='ocrx_word' id='word_1_165' title='bbox 401 3223 517 3310; x_wconf 88' lang='lat' dir='ltr'><strong>edit-a,</strong></span> <span class='ocrx_word' id='word_1_166' title='bbox 543 3223 590 3294; x_wconf 87' lang='lat' dir='ltr'><strong>ab</strong></span> <span class='ocrx_word' id='word_1_167' title='bbox 602 3221 812 3320; x_wconf 86' lang='lat' dir='ltr'><strong>eodemque</strong></span> <span class='ocrx_word' id='word_1_168' title='bbox 828 3219 995 3320; x_wconf 87' lang='lat' dir='ltr'><strong>henigne</strong></span> <span class='ocrx_word' id='word_1_169' title='bbox 1015 3219 1063 3293; x_wconf 90' lang='lat' dir='ltr'><strong>ad</strong></span> <span class='ocrx_word' id='word_1_170' title='bbox 1077 3247 1138 3296; x_wconf 86' lang='lat' dir='ltr'><strong>me</strong></span> <span class='ocrx_word' id='word_1_171' title='bbox 1258 3266 1260 3270; x_wconf 94' lang='lat'>·</span> 
     </span>
     <span class='ocr_line' id='line_1_26' title="bbox 137 3329 1141 3440; baseline 0.002 -32"><span class='ocrx_word' id='word_1_172' title='bbox 137 3341 253 3412; x_wconf 53' lang='lat' dir='ltr'><strong>missa,</strong></span> <span class='ocrx_word' id='word_1_173' title='bbox 271 3347 409 3414; x_wconf 85' lang='lat' dir='ltr'><strong>Femur</strong></span> <span class='ocrx_word' id='word_1_174' title='bbox 432 3355 640 3440; x_wconf 90' lang='lat' dir='ltr'><strong>utrumque</strong></span> <span class='ocrx_word' id='word_1_175' title='bbox 667 3359 713 3412; x_wconf 84' lang='lat' dir='ltr'><strong>ex</strong></span> <span class='ocrx_word' id='word_1_176' title='bbox 736 3329 804 3410; x_wconf 78' lang='lat' dir='ltr'><strong>sue</strong></span> <span class='ocrx_word' id='word_1_177' title='bbox 826 3337 1024 3412; x_wconf 87' lang='lat' dir='ltr'><strong>acetabulo</strong></span> <span class='ocrx_word' id='word_1_178' title='bbox 1043 3337 1141 3411; x_wconf 81' lang='lat' dir='ltr'><strong>exci-</strong></span> 
     </span>
     <span class='ocr_line' id='line_1_27' title="bbox 139 3454 1140 3558; baseline 0.005 -33"><span class='ocrx_word' id='word_1_179' title='bbox 139 3454 248 3530; x_wconf 86' lang='lat' dir='ltr'><strong>derat.</strong></span> <span class='ocrx_word' id='word_1_180' title='bbox 267 3461 420 3531; x_wconf 84' lang='lat' dir='ltr'><strong>Derteri</strong></span> <span class='ocrx_word' id='word_1_181' title='bbox 434 3473 556 3530; x_wconf 86' lang='lat' dir='ltr'><strong>autem</strong></span> <span class='ocrx_word' id='word_1_182' title='bbox 575 3473 688 3558; x_wconf 88' lang='lat' dir='ltr'><strong>caput</strong></span> <span class='ocrx_word' id='word_1_183' title='bbox 703 3469 784 3530; x_wconf 88' lang='lat' dir='ltr'><strong>erat</strong></span> <span class='ocrx_word' id='word_1_184' title='bbox 801 3458 1010 3555; x_wconf 79' lang='lat' dir='ltr'><strong>integrum3</strong></span> <span class='ocrx_word' id='word_1_185' title='bbox 1032 3457 1140 3530; x_wconf 65' lang='lat' dir='ltr'><strong>sinis³</strong></span> 
     </span>
     <span class='ocr_line' id='line_1_28' title="bbox 140 3572 1144 3678; baseline 0.004 -37"><span class='ocrx_word' id='word_1_186' title='bbox 140 3577 184 3644; x_wconf 81' lang='lat' dir='ltr'><strong>tri</strong></span> <span class='ocrx_word' id='word_1_187' title='bbox 197 3580 294 3650; x_wconf 86' lang='lat' dir='ltr'><strong>carie</strong></span> <span class='ocrx_word' id='word_1_188' title='bbox 310 3577 421 3678; x_wconf 76' lang='lat' dir='ltr'><strong>piene</strong></span> <span class='ocrx_word' id='word_1_189' title='bbox 439 3591 721 3676; x_wconf 87' lang='lat' dir='ltr'><strong>consumptum.</strong></span> <span class='ocrx_word' id='word_1_190' title='bbox 738 3577 871 3674; x_wconf 86' lang='lat' dir='ltr'><strong>Itaque</strong></span> <span class='ocrx_word' id='word_1_191' title='bbox 889 3599 975 3648; x_wconf 87' lang='lat' dir='ltr'><strong>cum</strong></span> <span class='ocrx_word' id='word_1_192' title='bbox 994 3572 1144 3673; x_wconf 83' lang='lat' dir='ltr'><strong>singula</strong></span> 
     </span>
    </p>
   </div>
   <div class='ocr_carea' id='block_1_5' title="bbox 178 3851 1129 4036">
    <p class='ocr_par' dir='ltr' id='par_1_5' title="bbox 178 3851 1129 4036">
     <span class='ocr_line' id='line_1_29' title="bbox 193 3875 330 3915; baseline 0.029 -4"><span class='ocrx_word' id='word_1_193' title='bbox 193 3875 205 3911; x_wconf 83' lang='lat'>1</span> <span class='ocrx_word' id='word_1_194' title='bbox 271 3899 278 3913; x_wconf 87' lang='lat'><strong>.</strong></span> <span class='ocrx_word' id='word_1_195' title='bbox 321 3899 330 3915; x_wconf 65' lang='grc' dir='ltr'><strong><em>ι</em></strong></span> 
     </span>
     <span class='ocr_line' id='line_1_30' title="bbox 178 3851 1129 4036; baseline 0.003 -25"><span class='ocrx_word' id='word_1_196' title='bbox 178 3851 220 4034; x_wconf 76' lang='lat' dir='ltr'><strong>i²i</strong></span> <span class='ocrx_word' id='word_1_197' title='bbox 239 3859 284 4016; x_wconf 55' lang='lat' dir='ltr'><strong>g,</strong></span> <span class='ocrx_word' id='word_1_198' title='bbox 296 3859 388 4030; x_wconf 72' lang='lat' dir='ltr'><strong>riiodo</strong></span> <span class='ocrx_word' id='word_1_199' title='bbox 399 3977 460 4036; x_wconf 85' lang='lat' dir='ltr'><strong>quo</strong></span> <span class='ocrx_word' id='word_1_200' title='bbox 471 3977 538 4022; x_wconf 85' lang='lat' dir='ltr'><strong>ossa</strong></span> <span class='ocrx_word' id='word_1_201' title='bbox 549 3977 581 4018; x_wconf 85' lang='lat' dir='ltr'><strong>se</strong></span> <span class='ocrx_word' id='word_1_202' title='bbox 593 3957 700 4016; x_wconf 78' lang='lat' dir='ltr'><strong>ricinis</strong></span> <span class='ocrx_word' id='word_1_203' title='bbox 713 3937 911 4016; x_wconf 78' lang='lat' dir='ltr'><strong>accomodant</strong></span> <span class='ocrx_word' id='word_1_204' title='bbox 919 3953 1000 4034; x_wconf 84' lang='lat' dir='ltr'><strong>parti</strong></span> <span class='ocrx_word' id='word_1_205' title='bbox 1008 3953 1039 4013; x_wconf 91' lang='lat' dir='ltr'><strong>b.</strong></span> <span class='ocrx_word' id='word_1_206' title='bbox 1050 3957 1067 4028; x_wconf 77' lang='lat' dir='ltr'><strong>s</strong></span> <span class='ocrx_word' id='word_1_207' title='bbox 1080 3959 1129 4026; x_wconf 68' lang='lat' dir='ltr'><strong>aa.</strong></span> 
     </span>
    </p>
   </div>
   <div class='ocr_carea' id='block_1_6' title="bbox 0 0 1457 4658">
    <p class='ocr_par' dir='ltr' id='par_1_6' title="bbox 0 0 1457 4658">
     <span class='ocr_line' id='line_1_31' title="bbox 0 0 1457 4658; baseline 0 0"><span class='ocrx_word' id='word_1_208' title='bbox 0 0 1457 4658; x_wconf 95' lang='lat' dir='ltr'><strong> </strong></span> 
     </span>
    </p>
   </div>
  </div>
 </body>
</html>
