2700 4660
127 407 197 455 ΜΒ·
214 401 263 453 Ν·
280 392 773 468 DEMQRBtscn1nuna.,etc.
790 399 901 450 errsr.
916 399 988 448 ux.
1017 402 1086 476 277
1172 399 1180 416 *

76 519 292 604 ventriculo
309 515 639 614 contrahentibus3
654 540 726 588 nec
737 539 892 614 ‘semper
903 515 1089 614 succedit,

77 655 122 710 ut
142 639 173 710 si
195 635 338 733 aliquid
357 650 448 706 tunc
466 633 595 722 detur,
624 649 688 704 aut
706 629 929 704 infundatur
960 632 1091 731 deglu-
1186 717 1188 724 Ι

77 754 275 840 tiendum,
296 753 510 824 resistentes
535 748 739 846 illaefibrae,
764 766 807 822 ut
826 749 1089 848 Wepferus(1)

78 874 215 960 docet,
229 871 416 959 laurentum
429 885 518 952 sunt
533 869 634 941 enim
653 893 759 941 casus
769 869 807 938 in
821 869 959 965 quibus
972 869 1090 952 homo

78 1008 174 1064 tunc
204 989 388 1086 deglutit,
415 1004 452 1058 et
472 1003 599 1060 tamen
622 988 728 1058 inani
746 985 925 1058 vomendi
950 987 1093 1058 deside·

79 1111 138 1182 rio
157 1106 354 1178 lacessitur
390 1104 455 1200 (2).
485 1103 547 1174 Illi
578 1104 689 1174 etiam
718 1104 786 1200 qui
817 1104 892 1176 cito
925 1129 1004 1174 non
1029 1129 1092 1179 vo·

79 1239 212 1312 munt,
229 1223 355 1293 minus
371 1219 576 1319 aliquando
590 1221 870 1320 periclitantur,
888 1237 931 1294 ut
946 1222 995 1309 si,
1008 1246 1095 1294 ven·

79 1340 223 1416 triculo
256 1339 394 1436 plenu,
428 1361 619 1410 venenum
657 1353 804 1410 vorent.
842 1343 985 1436 Itaque*
1005 1343 1094 1412 Bac·

81 1463 165 1534 cius
185 1456 263 1556 (3),
284 1481 372 1529 cum
392 1470 609 1553 suspectum
630 1456 856 1548 convivium·
869 1482 949 1527 non
967 1471 1094 1556 potest

81 1579 215 1665 vitari,
238 1574 438 1646 consilium
465 1572 546 1662 dat,
573 1587 617 1643 ut
644 1598 715 1645 nec
746 1573 948 1662 sitibundi,
964 1599 1095 1674 neque

82 1693 249 1770 famelici
273 1690 474 1778 accedant,
497 1690 562 1764 sed
589 1706 820 1790 praesumpto
842 1692 956 1782 lacte,
985 1708 1022 1764 et
1047 1717 1098 1764 sa·

83 1814 163 1887 turi
179 1811 311 1884 crassis
329 1833 372 1881 ac
387 1807 594 1907 pinguibus
612 1808 725 1880 xcibis.
744 1809 900 1882 Viderat
912 1808 1079 1908 enim(4)

86 1957 132 2003 ex
150 1909 287 2000 eodem
299 1951 415 2024 pravo
428 1925 629 2016 adimente,
649 1951 727 2024 quo
739 1928 863 1998 omnis
876 1925 1015 1998 familia
1029 1951 1097 1999 usa

86 2047 212 2120 fuerat
225 2083 248 2134 ,·
265 2043 464 2116 dominum
485 2041 668 2116 duntaxat
689 2046 788 2116 mori
809 2044 876 2115 illo
904 2045 986 2143 ipso
1015 2043 1098 2132 die;

87 2189 180 2238 nam
207 2178 339 2236 ventre
360 2184 480 2232 vacuo
506 2161 746 2251 comederat;
772 2164 927 2236 servatis
957 2165 1099 2236 caeteris

88 2284 156 2382 qui
182 2281 309 2380 pleno.
331 2281 424 2369 Quae
446 2303 508 2352 res
534 2278 603 2351 etsi
620 2304 699 2350 non
722 2303 872 2379 semper
901 2305 921 2350 a
949 2303 1098 2354 veneno

88 2396 281 2486 defendit,
300 2397 415 2492 hujus
438 2396 569 2469 saltem
591 2396 695 2470 haud
714 2421 801 2470 raro
820 2399 897 2468 vim
916 2399 1101 2496 pernicio·

89 2543 168 2592 sam
187 2515 374 2603 retardat,
391 2528 436 2584 ut
453 2514 494 2584 in
513 2514 671 2586 muliere
687 2514 813 2590 vidisti
832 2540 854 2586 a
879 2517 988 2611 cujus
1011 2539 1101 2590 casu

87 2637 170 2708 baec
188 2632 346 2731 epistola
364 2630 541 2704 inchoata
563 2646 642 2720 est,
671 2646 708 2704 et
726 2633 912 2729 Capuanis
944 2656 1099 2730 quoque

90 2749 331 2828 senatoribus
344 2746 462 2820 ferme
475 2747 854 2847 duodetrigintaideo
866 2751 984 2822 serius
996 2773 1100 2823 mors

93 2868 246 2955 accidit,
277 2867 368 2962 quia
387 2864 533 2970 impleti
560 2864 655 2938 cibis
683 2866 849 2964 vinoque
878 2891 969 2958 cum
988 2893 1101 2942 vene·

94 3010 186 3060 num
205 2985 473 3082 sumpsissent,
497 2985 549 3056 sic
569 2989 690 3054 minus
710 2986 904 3080 ersficacem
923 2991 961 3056 in
980 3002 1102 3059 matu·

93 3101 221 3198 ⁸raeda
241 3115 361 3172 morte
377 3105 456 3174 vim
474 3103 799 3193 venenifecerant
808 3129 821 3190 ;
848 3119 891 3175 ut
904 3105 1031 3180 Livius
1047 3105 1102 3204 (5)

97 3219 288 3292 memoriae
307 3217 552 3308 historiarum
571 3217 774 3300 mandavit.
807 3221 921 3312 Quod
943 3225 973 3295 si
1000 3226 1104 3296 inani

917 3425 1101 3443 nnn—nm-

136 3541 179 3626 (1)
200 3541 322 3601 Scholio
338 3542 388 3598 cit.
403 3561 493 3618 supra
503 3538 545 3598 'ad
556 3562 587 3598 n.
602 3562 632 3618 9.

137 3643 181 3721 (a)
202 3643 280 3700 Sect.
296 3642 351 3697 hac
367 3631 502 3717 Sepulnr.
516 3643 581 3698 obs.
601 3648 633 3714 t,
651 3645 666 3712 §
683 3643 712 3699 6.

135 3740 180 3821 (3)
201 3743 364 3798 Beneuen.
376 3741 431 3796 ubi
444 3743 481 3798 de
493 3741 668 3816 particulari
679 3761 821 3818 praeterr.
835 3762 867 3800 n.
882 3763 909 3799 ι.

57 3907 61 3914 ¹
139 3840 184 3918 (4)
204 3840 284 3897 Ibid.
293 3840 347 3896 ubi
358 3858 473 3899 venena
482 3842 592 3920 quibus
601 3841 771 3902 modisfieri
778 3840 989 3921 possintirrita
997 3861 1047 3917 ,n
1062 3861 1109 3903 ιο.

141 3938 186 4021 ,(5),
204 3938 459 4006 Historia-1226.
814 3935 820 3948 “
944 3943 950 3953 ’
