2700 4660
311 433 383 507 aad
472 459 519 506 ur
545 457 691 508 ssmsus
714 460 759 506 rr
784 457 908 508 csusrs
932 457 1142 508 sronrouurr

309 571 442 670 legisse
459 597 538 643 non
556 572 724 659 videtur,
750 573 891 644 multus
910 575 1021 647 estin
1039 573 1213 674 pluribus
1227 593 1299 672 pro·
1344 600 1345 680 j

312 687 497 760 ducendis
519 688 767 786 scriptoribus
788 705 868 760 tum
892 689 1068 777 medicis,
1093 705 1173 761 tum
1205 693 1298 762 etiam
1344 771 1345 776 q

312 831 392 878 non
412 805 585 892 medicis,
606 819 649 875 ut
668 791 899 878 confutatam
919 831 963 878 ex
980 807 1105 880 multo
1129 803 1299 906 pluribus,
1344 827 1345 852 l

276 954 279 960 ·
314 923 511 1021 multoque
529 922 761 1022 gravioribus
786 925 1043 1022 opinationem
1074 925 1296 1023 persuadeat,
1344 927 1345 972 ἒ

307 1041 415 1113 luem
440 1065 637 1112 veneream
669 1041 971 1138 antiquissimum
1004 1065 1084 1113 esse
1119 1042 1300 1130 morbum,
1344 1023 1346 1112 l

314 1181 386 1229 nec
398 1156 515 1226 alium
541 1155 707 1255 denique
727 1181 771 1229 ac
792 1157 1088 1255 elephantiasim.
1114 1159 1205 1247 Quae
1225 1182 1303 1227 nun·

267 1297 269 1302 ·
316 1275 628 1373 quam,0pinor,
649 1289 807 1346 conatus
830 1289 947 1362 esset,
975 1275 1006 1345 si
1027 1289 1108 1345 tum
1129 1274 1300 1346 medicum
1345 1293 1346 1300 ’

316 1393 574 1466 doctissimum
600 1408 713 1489 atque
730 1391 1024 1464 eruditissimum
1037 1390 1163 1490 legere
1174 1393 1301 1489 potuis·

318 1524 392 1600 set,
415 1535 531 1608 aquo
552 1512 705 1608 penitus
717 1510 895 1581 convulsa
905 1509 985 1580 haec
1006 1525 1113 1597 sunt,
1134 1515 1300 1582 loannem

315 1631 530 1700 Astrucium
548 1627 618 1724 (1):
636 1651 855 1726 quanquam
871 1626 1120 1700 nihilominus
1138 1625 1231 1699 illud
1246 1627 1301 1696 mi·

316 1769 400 1817 rum
433 1760 502 1830 est,
535 1746 599 1843 qui
627 1769 706 1815 non
736 1746 929 1843 ignoraret
966 1759 1107 1841 quanta
1137 1745 1247 1832 olim,
1272 1755 1300 1813 et
1346 1833 1347 1836 Ἴ

318 1889 431 1962 quam
456 1861 719 1951 immoderata,
744 1861 835 1933 dum
858 1867 1045 1934 Caesarum
1072 1865 1237 1960 potentia
1260 1862 1302 1929 vi-

317 1995 438 2083 geret,
462 1981 501 2051 in
528 1982 706 2052 Romanis
732 1979 980 2078 lupanaribus
1003 1997 1100 2052 esset
1121 1982 1301 2052 nationum

320 2101 552 2185 commistio,
584 2080 787 2170 credidisse
809 2097 979 2169 eamdem
999 2099 1058 2170 vel
1075 2123 1122 2170 eo
1150 2113 1302 2198 tempore
1347 2181 1348 2196 ,

319 2216 433 2290 luisse
452 2217 572 2303 luem,
593 2215 697 2289 seda
719 2215 873 2288 medicis
890 2216 1016 2316 plures
1035 2219 1075 2287 in
1094 2218 1246 2289 morbos
1264 2214 1304 2284 di·
1347 2235 1348 2288 i

317 2336 453 2422 visam,
471 2357 550 2405 non
568 2349 675 2405 antea
693 2357 764 2430 pro
784 2359 863 2432 uno
883 2333 1019 2404 morbo
1041 2359 1120 2407 esse
1141 2336 1302 2433 agnitam,

276 2516 281 2524 .
321 2477 434 2552 quam
458 2475 590 2522 corum
626 2452 797 2521 omnium
834 2451 1058 2524 morborum
1087 2451 1252 2523 collectio
1275 2455 1303 2519 iu

319 2575 450 2644 ·costris
467 2569 523 2639 od
535 2567 740 2667 Neapolim
751 2569 1009 2641 animadversa
1022 2585 1098 2657 est;
1117 2573 1303 2668 quasivero

319 2689 365 2760 iis
382 2690 420 2758 in
442 2688 570 2760 castris
588 2687 710 2782 major
729 2685 859 2759 fuisset
875 2689 1071 2758 nationum
1091 2688 1304 2771 commistio,
1348 2695 1349 2772 j

321 2831 435 2903 quam
471 2809 597 2875 Romae
638 2803 831 2901 quondam
863 2829 954 2909 ,cum
986 2831 1107 2876 unum
1146 2805 1305 2901 idemque

321 2937 489 2995 scortum
508 2919 562 3016 (id
580 2920 684 3017 quod
705 2922 784 3018 ipse
806 2919 942 2995 fatetur
967 2923 1147 2996 Martialis
1170 2924 1223 3022 (a)
1239 2945 1305 2992 ver·

320 3039 395 3137 bis)
416 3051 559 3137 pateret
578 3038 712 3124 Cattis,
733 3041 947 3126 Germanis,
969 3041 1096 3128 Dacis,
1124 3042 1304 3140 Cilicibus,

322 3153 1187 3252 Cappadocibus,Indis,Judaeis,etc.Unatum
1200 3165 1306 3230 Roma

323 3272 452 3344 deer'at
469 3273 595 3360 Natio,
615 3272 857 3344 Americana:
880 3299 1041 3371 quacum
1060 3278 1127 3372 qui
1148 3297 1306 3348 commer-

326 3390 426 3460 cium
439 3413 508 3486 per
526 3413 583 3474 se,
601 3403 665 3459 aut
683 3414 749 3488 per
763 3391 856 3463 alios
873 3393 1008 3464 saltem
1027 3393 1263 3479 habuissent,
1277 3392 1308 3458 in

325 3507 455 3576 castris
468 3505 540 3580 illis
556 3531 634 3576 nou
654 3507 830 3598 deerant;
850 3525 892 3580 ut
904 3511 1005 3582 unde
1021 3535 1119 3583 nova
1136 3538 1214 3584 non
1230 3532 1309 3582 mor·

324 3621 464 3694 borum
480 3623 671 3712 collecti0‚
698 3625 762 3697 sed
789 3627 869 3701 lues
895 3629 934 3698 in
958 3633 1147 3726 Europam
1167 3627 1308 3710 venerit,

366 3875 475 3982 (1)'De
486 3907 584 3963 morb.
597 3927 698 3962 vener.
712 3909 733 3963 l.
750 3928 779 3979 1,
798 3928 824 3966 c.
843 3930 856 3966 1
871 3923 975 3990 etseq.

367 4005 411 4087 (a)
432 4009 465 4064 L.
480 4027 517 4079 7,
531 4007 623 4084 epigr.
642 4027 690 4082 ⁹⁹·
