2836 4648
96 477 166 526 ιη.
183 477 216 523 r.
237 469 1001 544 orsoosrnrssuuresurm.misnuxvur.
1027 446 1097 524 631

97 607 182 688 quae
213 611 283 687 per
314 585 558 658 dissertiores
587 584 908 682 conspiciuntur,
941 583 1106 665 dilucide
1212 665 1216 682 ¹

80 707 273 806 explicat,
300 720 343 776 ut
361 703 501 802 gauglii
523 702 578 800 (r)
601 701 891 792 rotunditatem,
920 701 1105 777 mobilita-

98 840 194 913 tem,
211 837 250 895 et
268 847 290 893 a
309 845 413 910 casu,
429 819 490 892 vel
510 817 559 891 ab
584 821 663 892 ictu
681 817 729 892 de
750 819 936 892 industria
960 817 1106 894 inflicto

96 941 393 1029 discussionem,
426 953 482 1028 et,
501 961 551 1008 ue
584 937 694 1036 plum
714 957 941 1031 memorem,
964 927 1108 1012 ossium

12 1041 15 1048 ’
98 1060 140 1130 in
164 1059 272 1156 spina
281 1072 438 1130 ventosa
462 1053 733 1154 expansionem
751 1055 831 1155 (α),
857 1057 965 1152 cujus
982 1045 1110 1130 morbi

12 1197 13 1202 ’
96 1175 336 1264 observatio,
363 1188 401 1245 et
434 1171 552 1246 sectio
578 1171 800 1270 producitur
829 1196 876 1246 eo
904 1172 1111 1248 notabilior

99 1293 208 1392 quod
225 1317 305 1364 non
323 1292 449 1391 pueri,
464 1289 530 1363 sed
551 1287 719 1370 hominis
736 1305 901 1390 quatuor
921 1305 959 1366 et
975 1293 1110 1391 viginti
1227 1286 1230 1294 ’

97 1435 220 1484 anuos
233 1412 313 1482 nati
329 1409 461 1484 tibiam
469 1399 668 1480 invaserat.
682 1479 685 1489 ,

131 1531 266 1600 'Porro
277 1549 529 1625 expansorum
544 1525 687 1598 ossium
697 1525 809 1615 alins,
828 1540 866 1600 et
877 1525 1110 1617 observatio·

76 1671 168 1720 -nes
179 1644 449 1718 etdiseetiones
461 1641 551 1714 alibi
569 1641 735 1741 reperies
752 1663 848 1740 quas
858 1644 1111 1742 Sepulchreto

98 1763 227 1837 addas.
257 1763 352 1860 Nam
371 1776 506 1860 preter
532 1782 709 1860 eosquos
734 1761 867 1859 saepius
885 1762 1112 1848 sibioccnr·
1173 1778 1179 1792 ’
1291 1767 1293 1778 ’

98 1884 192 1955 risse
208 1880 359 1952 indicat
385 1877 620 1952 Abrahumus
647 1877 859 1978 Cyprianus
892 1879 966 1974 (3),
994 1895 1126 1964 exstat,
1229 1910 1234 1922 ¹

100 1999 218 2072 altera
238 1995 320 2070 fuse
339 1995 544 2095 descripta,
574 2011 611 2068 et
625 2007 893 2096 pertractatae
916 1995 1110 2090 uiduae.

99 2118 321 2190 Tittmanno
335 2115 403 2216 (4).
418 2117 509 2205 Quae
520 2129 645 2186 sutem
664 2116 1046 2190 commemoravimus
1054 2126 1116 2189 er·

101 2236 332 2335 pansionum
343 2235 483 2306 ossium
504 2233 696 2331 exemplu,
715 2232 862 2331 aliaque
880 2244 968 2306 eum
988 2233 1112 2333 leges;

99 2353 207 2425 facile
226 2351 521 2440 animadvertes,
550 2371 614 2424 ees
628 2349 760 2423 deberi
777 2352 893 2450 copis¹
911 2355 1018 2451 pravi
1038 2353 1113 2426 liu-¹

100 2473 219 2545 moris
245 2471 344 2544 iutra
375 2491 458 2542 ossa
483 2453 752 2560 redundantis,
776 2471 1024 2570 urgentisque
1049 2491 1114 2542 estd

101 2603 269 2662 trorsum
295 2588 435 2660 horum
453 2589 636 2686 parietes,
657 2584 738 2660 non
754 2584 906 2659 difficile
924 2567 1114 2682 cedentes,

105 2703 174 2777 ubi
197 2729 322 2778 osseas
340 2703 475 2793 fibras,
498 2699 731 2803 laminasque
749 2706 949 2778 interiores
974 2704 1117 2779 humor

103 2822 205 2895 idem
223 2822 442 2911 molliverit,
461 2837 525 2894 aut
541 2825 594 2896 sie
612 2823 790 2911 eroserit,
809 2821 1114 2923 dissolveritque',
1216 2885 1236 2906 .,

106 2957 150 3013 ut
158 2941 237 3038 jam
251 2937 454 3039 'perpauco
469 2941 675 3014 exteriores
691 2940 837 3011 laminae
853 2940 1007 3038 reliquae
1027 2944 1113 3016 sint.

101 3055 292 3129 Utrolibet
313 3057 415 3130 enim
438 3055 555 3128 modo
576 3079 621 3129 us
645 3056 822 3130 duritiem
843 3058 978 3132 omittit
996 3080 1118 3132 suam.-

104 3177 220 3272 Cujus
239 3175 462 3248 mutationis
484 3174 700 3273 complures
727 3173 902 3246 historias
929 3175 1113 3252 indicatas

103 3292 250 3366 videbis
265 3318 287 3365 a
306 3292 352 3366 el.
367 3291 553 3374 Morando
565 3289 641 3390 (5),
660 3291 727 3364 ubi
736 3289 997 3366 admirabilem
1008 3293 1111 3364 illam

115 3480 1112 3512 mm

126 3591 189 3674 'lo
212 3609 295 3684 sss.

141 3710 159 3787 l
179 3713 229 3790 >t
250 3711 300 3770 62·

144 3812 158 3889 (
179 3814 190 3887 )
211 3813 307 3888 Epist.
322 3813 360 3869 ad
374 3811 556 3890 Millington.

145 3910 192 3988 (ι)
213 3913 337 3968 Dissert.
349 3913 609 3969 OsteouSteatom.
622 3929 681 3968 eas.
693 3911 800 3968 rarior.
813 3923 870 3970 ete.

147 4007 191 4090 (5)
212 4013 302 4084 Mem,
313 4012 352 4070 de
366 4009 479 4070 l’Aeed.
493 4029 559 4088 roy.
569 4012 622 4070 des
635 4011 700 4094 So,
712 4031 761 4070 en.
777 4009 864 4086 1753.

906 4113 968 4196 uo*

160 3733 178 3772 r

157 3813 176 3870 3

161 3917 173 3966 Ι
