2746 4662
119 449 1081 537 ura.1v.nrrrottatscrsmuucetc.ur1sr.n'vr.rr7

75 576 306 675 citlat,s1gna
343 600 412 674 per
433 599 516 672 quae
547 578 844 662 internoscatur,
872 591 909 649 et
941 601 1073 650 causas

76 719 181 794 quare
200 692 352 764 difficile
369 696 495 764 curari
515 695 653 791 possit,
670 693 865 791 ideoque
857 721 895 764 rn
917 719 1071 766 omnem

76 827 206 882 atatem
221 807 311 890 ,fere
328 819 625 909 permaneat,-ut
644 813 682 882 in
694 816 840 884 Veneto
855 813 1077 884 adolescen··

77 930 169 1019 tulo,
180 953 298 1027 quem
309 929 357 1000 ad
374 953 434 1002 me
448 931 595 1002 consilii
605 954 714 1002 causa
726 929 977 1017 adduxerant,
992 955 1087 1029 pert

78 1047 249 1118 mansisse
267 1070 288 1116 a
305 1048 463 1145 pueritia
482 1048 586 1135 vidi„
607 1049 811 1145 sensuique
832 1073 981 1146 semper
993 1072 1075 1120 esse

69 1165 293 1236 mansuram.
318 1168 407 1255 Quae
427 1166 457 1236 si
477 1163 746 1263 perpenderis,
765 1165 830 1238 ubi
849 1181 971 1236 artum
990 1180 1075 1238 artu
1140 1247 1143 1255 ¹
1182 1187 1194 1208 “

77 1282 281 1381 longiorem
292 1299 469 1371 esse,-aut
486 1283 1077 1380 brevioremssvideris,hujusque

78 1402 328 1498 inaequalitatis
346 1425 457 1473 eausa
470 1426 550 1472 non
567 1401 660 1474 sit-in
675 1417 758 1474 artu
768 1403 850 1499 ipso
866 1398 1078 1486 manifesta,

79 1519 237 1615 primum
264 1521 547 1590 omniumnum
570 1516 666 1590 sorte
685 1519 879 1616 inaequalis
904 1518 1010 1590 sedes
1031 1519 1078 1590 sit

79 1637 394 1710 innominatorum
408 1637 548 1710 ossium
569 1635 779 1734 indagabis;
796 1662 877 1709 earn
889 1637 1078 1708 euimaee·

79 1753 260 1848 sabulum,
283 1756 423 1852 quippe
442 1755 483 1824 in
506 1755 596 1852 ipsis
618 1769 860 1842 excavatum,
891 1755 1078 1851 sequitur,

81 1869 154 1944 hoc
173 1889 300 1944 autem
325 1887 446 1961 artus,
463 1897 512 1946 ne
540 1869 635 1944 sorte
654 1867 910 1970 illa'aequalem
939 1869 1080 1942 habere

81 1985 197 2088 sedem
229 2014 396 2087 ponens,
421 2015 533 2086 quarn
555 2005 751 2078 a'natura,
775 2004 839 2061 aut
861 1990 936 2060 avi
955 1987 1083 2058 morbi

84 2125 152 2179 uun
168 2107 354 2195 habeant,
373 2132 463 2180 mox
486 2109 525 2178 in
554 2107 787 2205 judicando,
805 2121 891 2180 uter
902 2121 1006 2178 artus
1023 2127 1083 2178 re·

83 2250 161 2296 tera
178 2227 260 2324 ipse
286 2225 458 2324 longior,
475 2241 538 2296 aut
556 2225 710 2298 brevior
722 2227 786 2310 sit,
803 2223 1015 2322 decipiaris.

128 2345 181 2418 23.
208 2348 254 2413 ln
275 2344 357 2441 ipso
380 2359 506 2416 autem
533 2343 729 2416 acetabulo
754 2357 791 2414 et
813 2325 1016 2438 capacitas,
1047 2355 1085 2414 et

85 2459 213 2559 ligupa,
233 2474 272 2532 et
290 2474 388 2532 teres
405 2460 670 2559 ligamentum,
690 2475 727 2530 et
747 2475 860 2556 caput
873 2456 1025 2531 femoris
1040 2473 1085 2530 ut

86 2575 317 2650 multifariam
334 2599 491 2674 peecare
506 2579 649 2674 possint
665 2601 710 2660 ex
726 2577 860 2672 iisquae
872 2600 950 2646 non
969 2573 1085 2646 semel

88 2719 189 2794 supra
218 2693 319 2766 dieta
354 2709 461 2782 suut,
495 2694 680 2790 intelligis.
702 2697 783 2764 Huc
805 2691 970 2764 addendi
998 2705 1086 2764 sunt

87 2827 277 2898 tumores,
296 2813 371 2884 sive
384 2813 641 2911 inligamento
660 2812 892 2897 increscant,
913 2825 955 2881 ut
968 2809 1087 2904 Fallo-

89 2932 163 3028 pius
174 2945 303 3004 noster
318 2928 377 3026 (t)
392 2929 548 3017 indicat,
566 2930 693 3000 sivein
713 2929 782 3000 alia
796 2929 894 3000 intra
908 2927 1084 3000 acetabu-

90 3047 160 3118 lum
175 3061 301 3146 parte,
314 3063 355 3118 ut
370 3049 575 3145 generatim
592 3046 761 3144 loquitur
777 3045 1088 3144 Veslingiusitem

92 3181 209 3238 noster
227 3167 264 3263 (
244 3167 302 3255 a),
319 3165 384 3236 ubi
405 3189 444 3238 se
466 3189 553 3236 eum
576 3164 657 3236 Sala
677 3162 809 3260 sapius
822 3162 1003 3250 visitasse,
1023 3163 1091 3252 ait,

92 3283 283 3358 Patricium
296 3285 506 3370 Venetum,
525 3305 584 3354 cm
581 3282 750 3352 suborto
767 3285 868 3352 antra
880 3262 1126 3352 coxendicis·

95 3398 322 3470 acetabulum
344 3414 506 3485 tumore,
526 3401 803 3496 caputfemoris
822 3395 1007 3468 evt'denter
1023 3421 1092 3468 ex-

97 3530 246 3586 trorsum
268 3517 460 3612 vergebat.
500 3515 670 3586 Valsalva
698 3529 826 3586 autem
847 3515 886 3584 in
917 3513 1094 3604 consilio,

98 3632 192 3728 quod
205 3656 275 3730 pro
292 3632 413 3711 nobili
426 3649 546 3730 puero
562 3633 727 3730 scripsit,
741 3633 803 3704 cui
816 3628 934 3704 factus
944 3631 1095 3728 longior

1233 3163 1257 3194 l

134 3913 144 3984 l
149 3914 175 3990 1)
194 3915 307 3972 Prafat.
321 3915 355 3971 in
366 3926 452 3974 tract.
465 3916 502 3974 de
512 3919 606 3975 luxat.
619 3927 648 3974 et
660 3917 747 3974 tract.
762 3912 885 3974 ossium.

136 4005 177 4091 (a)
197 4013 288 4091 Epist.
306 4014 358 4074 αδ.

166 4137 183 4176 a
