2858 4658
188 463 259 512 tis.
271 461 321 510 1v.
339 450 1028 542 nruonarscmnuac„etc.rr1sr.cv.
1080 459 1123 529 ur

124 576 204 667 bat;
214 576 375 650 alterum
385 597 542 674 ,nempe
554 575 766 673 viperinum
780 574 998 672 pulverem,
1015 599 1133 656 senex

124 697 218 768 alter
229 694 422 783 medicus,
435 715 547 790 quem
560 691 710 764 aliunde
722 692 980 791 superioribus
995 692 1130 766 diebus

125 812 417 900 advocaverant,
440 824 643 907 antequam
665 809 896 898 discederet,
914 833 1128 909 proposue-

124 946 190 1004 rat.
218 935 316 1002 Cum
339 951 452 1027 super
461 942 627 1025 utroque
647 925 879 1016 consulerer,
896 930 1082 1025 primum,
1098 929 1130 1000 si
1226 995 1230 1003 ,

125 1046 346 1122 stomachus
360 1044 496 1134 ferret,
515 1043 892 1143 nonimprobabam3
908 1043 1023 1118 sedut
1044 1043 1130 1118 faci·

125 1166 198 1240 lius
215 1163 399 1253 ferretur,
422 1165 680 1260 majoremque
706 1161 888 1261 praeberet
907 1163 1129 1252 utilitatem,

126 1283 212 1381 plus
236 1281 284 1355 de
311 1281 450 1367 altero,
472 1305 515 1352 ea
541 1296 667 1353 tamen
692 1307 768 1380 qua
790 1280 958 1353 dicturus
985 1305 1128 1371 essem,

125 1401 295 1488 ratione,
308 1396 525 1470 addendum
538 1398 702 1488 aiebam,
716 1400 862 1496 ipsique
874 1399 1032 1472 maxime
1044 1423 1129 1470 con·

125 1515 334 1590 fidendum.
372 1514 519 1586 Scilicet
551 1514 654 1610 quod
688 1516 728 1585 in
759 1516 931 1612 viperino
960 1529 1131 1611 superest

124 1635 384 1735 pulvere,non
396 1647 471 1704 tam
484 1629 726 1731 profuturum
739 1631 858 1704 videri
866 1634 1131 1731 ,quamipsam

126 1766 321 1824 recentem
339 1751 523 1848 viperam,
545 1751 575 1822 si
601 1748 715 1846 hujus
736 1748 934 1822 dimidium
959 1751 1130 1822 carnium
1224 1803 1227 1810 .

121 1892 218 1972 Ιοιιιιι
236 1868 320 1966 pari
336 1869 458 1939 carnis
473 1865 670 1940 testudinis
684 1865 852 1964 pondere
867 1868 907 1938 in
925 1867 1031 1938 tenui
1044 1867 1130 1962 jure

126 1987 288 2058 vitulino
305 1985 603 2082 decoqueretur,
624 1983 839 2082 eaedemque
852 1986 988 2084 viperae
1001 2007 1132 2058 carnes

129 2127 212 2202 quae
229 2103 392 2176 decoctae
411 2117 555 2190 essent,
580 2127 668 2174 mox
685 2123 772 2172 cnm
791 2100 985 2188 saccharo,
1010 2115 1052 2172 ut
1070 2125 1134 2172 vo·

116 2235 240 2312 cant,
255 2235 382 2292 rosato
391 2235 517 2291 vetere
530 2217 689 2292 subactae
703 2273 713 2308 ,
730 2219 899 2316 quotidie
919 2243 1027 2294 mane
1043 2219 1132 2294 ede-

128 2351 280 2427 rentur,
298 2322 336 2410 ἐι
352 2351 438 2436 post
448 2361 509 2410 eas
524 2338 586 2434 jus
599 2336 646 2410 de
664 2363 743 2436 quo
764 2338 879 2409 modo
897 2338 1038 2410 dictum
1056 2352 1133 2426 est,

131 2455 355 2539 biberetur:
383 2454 459 2528 huc
482 2455 699 2556 addiposse
726 2459 826 2530 inter
850 2455 1072 2554 prandium,
1097 2469 1135 2527 et

131 2573 609 2663 coenulam'emulsionem,
630 2588 672 2645 ut
690 2573 898 2672 appellant,
918 2599 963 2646 ex
978 2575 1135 2646 recenti·

130 2689 203 2764 bus
219 2689 443 2788 amygdalis,
457 2689 604 2787 adjecto
622 2713 746 2788 pauco
771 2690 950 2763 saccharo
969 2715 1135 2788 quocum

132 2808 242 2880 mista
267 2809 405 2888 coralia
424 2824 548 2880 essent
580 2797 636 2879 in*
653 2808 848 2906 pulverem
875 2809 1136 2882 tenuissimum

133 2925 304 2998 contrita.
322 2923 472 2998 Medico
490 2949 569 2996 non
591 2925 708 2998 modo
729 2925 807 2998 liaec
833 2951 912 2998 non
934 2927 1136 3026 displicue-

132 3057 242 3132 runt,
259 3041 341 3132 sed,
354 3057 397 3114 ut
414 3039 546 3115 affecta
559 3059 639 3116 erat
658 3059 781 3132 aetate,
811 3057 848 3129 et
860 3044 1093 3132 valetudine,
1114 3068 1137 3118 a

134 3183 194 3232 me
227 3159 341 3231 simul
376 3183 464 3234 cum
500 3185 619 3258 aegre,
647 3164 813 3260 aegrique
848 3163 1137 3261 consangnineis

133 3277 260 3377 petiit,
290 3291 334 3348 ut
361 3277 441 3375 ipse
469 3277 791 3376 quemadmodum
818 3303 1060 3369 censueram,
1087 3281 1138 3352 ita

135 3392 308 3466 facerem.
321 3394 405 3466 Feci
414 3396 557 3492 igitur,
568 3397 795 3494 Superisque
811 3394 911 3468 bene
921 3393 1139 3492 juvantibus

137 3525 335 3610 coeperunt
350 3513 489 3585 sensim
509 3514 629 3586 cruris
649 3513 822 3598 dolores,
850 3528 888 3586 et
921 3539 993 3613 pus
1020 3515 1140 3586 minui

136 3627 205 3714 ita,
227 3642 272 3699 ut
297 3627 583 3726 quadragesimo
612 3629 673 3702 die
698 3657 744 3702 ex
773 3655 853 3730 quo
889 3630 969 3704 haec
995 3633 1139 3704 curatio

137 3743 314 3816 inchoata
330 3760 428 3836 erat,
443 3745 635 3819 abscessus
643 3749 718 3844 jam
731 3745 848 3820 ferme
865 3748 912 3820 ad
930 3750 1140 3820 cicatricem

140 3875 333 3958 spectaret.
359 3863 584 3961 Quanquam
609 3878 734 3936 autern
754 3860 935 3934 febricula
955 3863 1032 3958 jam
1054 3879 1141 3936 ante

141 3974 304 4069 abierat,
329 3993 367 4056 et
390 3981 526 4054 virium
545 3978 762 4074 infirmitas,
784 3981 996 4080 maciesque
1015 3977 1141 4054 decre-
