2732 4654
256 383 329 458 328
421 407 467 454 nr
493 404 641 456 sumnus
665 360 860 455 rreausrs
884 391 1096 455 rroaaoruu

251 520 442 620 tantisque
458 521 744 594 auctoritatibus
761 521 920 610 nitatur;
953 547 1033 592 non
1058 536 1259 594 esttamen
1363 501 1364 506 ¹

254 641 362 715 facile
381 639 630 736 sperandum,
650 639 838 738 populum
862 664 908 709 co
925 663 1036 736 posse
1055 639 1205 728 adduci,
1218 654 1264 710 ut

231 840 234 855 Λ
256 758 364 830 Cels'o
377 767 431 853 (ι)
447 773 511 828 aut
529 760 705 854 cuiquam
720 757 870 844 credat,
890 781 1083 828 venenum
1099 751 1262 827 horcon

253 893 386 974 gustu,
408 875 476 946 sed
491 881 527 944 in
539 873 695 946 vulnere
709 899 868 946 nocere:
885 875 1115 971 quamveiit‚
1134 875 1262 946 clamet

251 995 456 1066 Severinus
473 992 552 1088 (a),
573 1007 733 1088 exsugat
751 1007 879 1064 nostru
890 992 979 1090 fide
1000 997 1168 1090 quisquis
1179 1019 1192 1078 3
1205 1046 1211 1061 .
1226 1046 1232 1061 .
1250 1044 1260 1062 .

258 1115 430 1184 immunis
457 1123 659 1207 aquaque
690 1108 796 1196 lube,
833 1112 884 1182 ab
910 1133 1141 1208 unoquoque
1162 1109 1264 1180 detri-

258 1242 401 1314 mento,
419 1227 710 1322 mefidejussore
721 1279 732 1314 ,
741 1229 903 1317 futurus
920 1241 974 1297 est
992 1241 1179 1298 exauctor.

308 1345 365 1416 30.
388 1347 613 1441 Quanquam
642 1345 829 1443 populum
851 1346 890 1415 in
920 1369 966 1416 eo
993 1369 1125 1442 sapere
1154 1344 1265 1414 existi·

258 1462 458 1550 rimarem,
475 1463 505 1552 si
532 1458 622 1532 huic
653 1460 866 1558 fidejussori
885 1463 1043 1532 minime
1079 1461 1265 1553 crederet,
1363 1471 1364 1480 ’

203 1623 205 1630 ·
256 1579 364 1650 nullo
382 1582 421 1648 iu
440 1578 618 1677 periculo'
641 1595 886 1676 exsugeutem
916 1578 1001 1650 fore
1021 1578 1100 1674 (3),
1125 1578 1264 1650 tametsi

260 1721 443 1794 exsugeus
459 1697 560 1794 Celsi
581 1695 636 1794 (4)
656 1698 845 1768 monitum
855 1751 867 1784 ‚
887 1721 909 1766 a
928 1697 1122 1794 plerisque
1141 1720 1264 1767 corum

259 1839 356 1912 quos
373 1813 539 1901 laudavi,
557 1813 694 1886 disert'e
713 1813 1000 1902 confirmatum,
1013 1839 1092 1884 non
1106 1812 1265 1886 attende·

257 1948 338 2021 ret,
357 1957 404 2003 ne
422 1931 582 2029 quodue
597 1937 771 2028 gingivis,
790 1931 994 2030 palatoue,
1012 1931 1138 2003 aliave
1157 1946 1265 2030 purte
1361 1945 1362 1948 ’

258 2056 335 2122 oris
354 2050 457 2120 ulcus
465 2049 613 2120 habeat.
628 2049 741 2139 Quod
757 2049 898 2120 Radius
907 2051 1113 2136 monitum,
1130 2065 1168 2121 et
1181 2049 1262 2144 jure

248 2169 434 2268 equidem,
461 2167 674 2264 meritoque
700 2165 997 2256 tantifaciehat,
1024 2181 1067 2238 ut
1094 2166 1200 2264 quud
1221 2165 1262 2238 ah
1361 2165 1362 2214 ἓ

1360 2219 1362 2286 i

222 2277 239 2379 ⁵,
257 2286 388 2383 aliquo
405 2285 560 2356 illorum
581 2285 751 2382 quicum
770 2310 816 2357 eo
828 2299 937 2368 ‘tunc
958 2284 1135 2398 aderant,
1162 2282 1264 2354 audi·
1361 2301 1364 2388 3

258 2403 355 2479 visse
384 2402 475 2474 olim
502 2403 676 2492 memini,
697 2427 784 2474 cum
803 2428 848 2474 ex
866 2403 912 2474 iis
928 2403 995 2499 qui
1015 2424 1267 2500 expressuma

256 2521 395 2619 viperis
413 2545 602 2592 venenum
619 2519 820 2617 potabant,
840 2544 941 2592 unus
961 2521 1001 2590 in
1018 2507 1114 2624 illud
1129 2518 1265 2592 identi·
1361 2583 1362 2597 ,

258 2638 344 2712 dem
373 2640 481 2738 panis
511 2653 673 2732 crustam
704 2639 925 2746 intingeret,
961 2635 1190 2734 ederetque,
1218 2637 1268 2707 in·

258 2759 448 2858 crepuerit
469 2757 651 2827 continuo
668 2755 824 2844 Redius,
850 2780 899 2826 ne
924 2753 1020 2826 forte
1043 2770 1172 2826 crusta
1192 2755 1267 2853 giu·

353 3661 385 3717 S·
400 3661 432 3731 3,
448 3661 498 3718 eit.

352 3761 385 3816 C.
403 3757 419 3815 5
434 3759 486 3816 cit.
578 3754 580 3758 ’

350 3859 428 3916 Ibid.
442 3869 471 3915 et
484 3860 567 3923 alibi.

350 3961 381 4021 S·
400 3959 416 4020 3
435 3959 486 4019 cit.
575 3994 578 4002 ·

1361 2579 1364 2647 i

156 2929 161 2937 ,
258 2875 397 2972 guam,
415 2889 458 2945 ut
479 2873 672 2946 interdum
692 2871 757 2962 fit,
784 2873 1027 2961 vulnerante,
1051 2870 1124 2944 sibi
1151 2872 1265 2944 homo
1357 2796 1364 2945 4

252 2993 459 3093 perjucum
470 2973 854 3088 praesenspericulum
865 3005 1021 3064 crearet..
1041 2979 1261 3080 Quinetiam
1359 3046 1362 3089 ;

252 3110 353 3181 inter
389 3123 539 3180 caeteras
578 3132 735 3196 causas,
772 3107 1023 3213 quamobrem
1062 3107 1263 3180 circulator
1361 3153 1364 3228 4

252 3249 509 3299 commorsum
522 3225 592 3297 sibi
606 3225 654 3298 ab
669 3226 797 3324 aspide
810 3225 1031 3315 brachium,
1049 3225 1128 3297 imo
1143 3223 1258 3298 homi·
1361 3225 1362 3259 4

250 3366 318 3417 nes
338 3342 416 3417 duo
437 3343 554 3418 ictum
572 3342 645 3416 sihi
665 3369 686 3438 a
704 3344 832 3444 vipera
851 3344 1011 3441 digitum
1036 3365 1124 3414 cum
1147 3343 1256 3414 suxis·

733 3472 737 3496 .
