2858 4658
199 439 272 490 ma.
287 439 338 490 rt.
353 439 547 492 urucam
558 431 758 500 cerauno..
772 432 842 492 etc.
856 443 969 494 arrsr.
981 445 1039 494 nv.
1092 423 1138 510 25

132 570 265 629 remae
293 553 662 654 adnotavi‘r'eliqua,
687 553 764 628 buc
792 556 964 631 redeunt.
991 561 1143 634 Jecino*

128 673 370 748 ris-vesicula
386 657 586 749 'subsidens
600 693 760 772 paucam
777 673 997 748 continebat
1011 675 1169 752 bilemx

128 793 255 862 lienes
268 790 344 861 laxi
359 804 475 862 eram.
499 791 644 864 Arteria
662 813 798 889 magna
818 793 1023 890 angustior.
1043 797 1140 870 Tum

129 907 350 995 muliebria,
384 921 428 980 ut
449 907 489 978 in
508 903 648 1004 femina
663 904 899 996 infoecunda,
923 909 1141 1009 diligentius
1221 1003 1223 1008 .

126 1024 280 1123 inspexi
292 1039 405 1126 atque
424 1023 552 1104 incidi.
564 1029 692 1098 Testes
706 1025 1009 1130 erantvelmagis
1021 1053 1138 1126 quam
1173 1057 1176 1062 ’

127 1165 173 1216 ea
199 1141 348 1216 soleant
373 1155 497 1232 atate,
515 1143 689 1241 parviet
718 1143 876 1242 strigosi.
904 1148 959 1216 Ex
987 1145 1139 1220 sinistro

126 1257 297 1356 hydatis,
313 1259 412 1334 acini
432 1283 513 1332 uvae
541 1257 744 1352 mediocris
765 1261 1041 1359 magnitudine,
1059 1279 1140 1342 tote

125 1375 306 1450 exstabat.
325 1379 464 1456 Uterus
481 1375 719 1456 dextrorsum
728 1378 948 1476 inclinatus,
966 1395 1003 1452 et
1014 1381 1150 1478 tundo

125 1497 256 1593 potius
274 1518 410 1594 parvo:
431 1519 518 1592 quo,¹
527 1495 645 1595 inagis
660 1495 903 1578 adnotatione
924 1497 1037 1596 digna
1058 1485 1138 1596 erat¹

126 1611 301 1702 cervicis,
320 1611 368 1688 ad
389 1613 509 1695 imum
530 1614 757 1712 praesertim,
777 1615 899 1712 major
913 1639 1027 1713 quam
1043 1641 1135 1690 con-

125 1730 230 1802 venit
249 1729 484 1819 crassitud0,
512 1745 715 1804 etcoronae
731 1731 853 1830 ipsius
878 1757 953 1829 qua
972 1733 1137 1832 cingitur

125 1847 225 1920 uteri
245 1847 440 1937 osculum,
463 1872 622 1946 parvum
639 1847 723 1937 hic,
739 1849 834 1920 utin
852 1849 1081 1947 virginibus,
1099 1867 1137 1930 et

127 1965 259 2044 circuli
271 1963 404 2042 forma.
425 1971 478 2038 Ex
495 1965 570 2038 hoc
588 1965 750 2046 stillabat
762 1966 903 2038 humor
913 1968 1039 2041 colore
1049 1970 1137 2044 lacti

127 2083 294 2173 similis„
317 2108 447 2182 neque
482 2108 528 2156 co
563 2081 726 2172 ssuidor,
756 2109 828 2160 nec
857 2083 997 2174 fetens,
1027 2087 1135 2185 copia

127 2224 206 2274 non
221 2224 384 2299 prorsus
401 2203 553 2299 exigua,
572 2201 769 2288 utmulier
781 2201 903 2276 fluore
919 2203 1018 2282 uteri
1030 2202 1135 2276 labo-

126 2341 225 2393 rasse
245 2317 450 2390 videretur.
478 2319 595 2415 Cujus
616 2320 881 2419 scaturiginem
900 2318 1012 2394 fuisse
1028 2321 1135 2418 altio-

127 2459 205 2510 tem
235 2437 496 2525 imacervice,
514 2435 627 2532 hujus
660 2436 835 2510 dissectio
859 2437 1047 2512 iudicavit.
1076 2437 1148 2512 Ibi·

128 2555 228 2626 enim
248 2555 403 2632 ceruicis
418 2555 588 2629 vesicula·
605 2577 759 2628 mucum
780 2553 933 2627 fortasse
960 2556 1136 2652 liquidio-

16 2729 17 2738 ,
128 2691 230 2762 rem,
249 2695 321 2748 nec
337 2687 463 2748 tamen
481 2671 661 2758 lacteum,
678 2671 933 2748 continebant.
954 2673 1134 2770 Superius

127 2789 236 2863 nullae
253 2789 319 2862 vel
339 2789 539 2863 dissecanti
569 2787 940 2888 apparebant..Circa
965 2787 1133 2864 medium

126 2905 373 3006 longitudinis
388 2908 563 2996 cervicis,
582 2907 733 2978 duobus
758 2906 850 2982 locis
869 2907 942 2980 alte
956 2907 1057 2982 intra
1073 2933 1135 3008 pa·
1168 2913 1174 2920 ’

127 3025 263 3098 rictum
278 3025 564 3106 crassitudinem
588 3025 801 3114 conditam,
822 3024 1065 3116 dissecando,
1082 3028 1134 3102 in·
1201 3009 1202 3012 Ἴ

126 3141 212 3216 veni
228 3141 402 3216 cellulam
426 3144 593 3231 inanem,
612 3142 908 3230 subrutundam,
926 3144 1031 3240 parvi
1042 3143 1133 3242 pha·

125 3259 217 3332 secli
232 3241 423 3358 capacem,
456 3260 644 3338 sine-ullis
665 3275 732 3332 aut
748 3259 819 3347 ibi,
855 3274 919 3336 aut
940 3259 1030 3333 alibi
1051 3285 1134 3332 ero·

126 3376 241 3449 sionis
252 3375 410 3450 indiciis.
427 3377 596 3450 Thorace
611 3375 852 3476 adapert0,id
864 3377 968 3476 quod
981 3402 1025 3453 ex
1038 3377 1133 3450 lum·

125 3491 463 3572 horumvertebris
487 3519 754 3594 praesenseram
783 3494 915 3570 leviter
943 3495 1132 3572 sinistror-

127 3633 207 3684 sum
223 3635 268 3684 se.
282 3608 434 3692 flectere
446 3611 735 3710 incipientibus,
750 3608 983 3688 manifestius
997 3635 1133 3708 cogno

126 3726 177 3817 ri,
195 3726 351 3828 gibbam
366 3724 478 3802 fuisse
496 3730 713 3818 mulierem3
734 3727 900 3800 thoracis
926 3729 1027 3800 enim
1046 3751 1131 3799 ver-

126 3844 234 3922 tebrae
265 3845 391 3917 multo
428 3847 546 3946 magis
578 3871 616 3920 se
647 3844 848 3918 flectebant
879 3844 1128 3916 dextrorsum.

126 3964 230 4062 Quod
250 3965 284 4043 si
301 3977 436 4040 contra
451 3989 511 4041 res
538 3989 576 4041 se
597 3963 808 4055 habuissem
832 3976 897 4038 aut
920 3963 951 4037 si
969 3977 1132 4052 uterus,
