2836 4648
75 414 494 464 utu.v.b1sauur:ttutssn
505 413 572 460 ΗΒ.
585 413 975 478 surtu.ertsr.nxvt11.
1003 395 1073 492 627
1104 475 1109 484 ,

76 528 319 615 inflammata,
343 528 419 599 sive
449 526 615 623 benigna
637 523 769 618 fuerit,
794 532 870 600 sive
894 529 1075 628 maligna3
1127 627 1131 630 -

76 660 114 716 at
127 647 166 716 in
176 645 461 744 aegrotantibuS,
483 645 513 714 si
531 643 696 744 benigna
713 647 779 729 sit,
795 647 964 744 repetitis
987 651 1076 720 mis-

77 763 243 838 sionibus
259 763 451 862 sanguinis
465 762 628 855 levatur,
648 763 681 834 si
704 763 882 861 maligna,
912 763 1078 839 deterior

75 877 134 969 fit,
155 898 192 952 et
212 883 320 953 citius
341 879 488 952 occidit.
513 881 747 978 Discriminis
771 861 880 952 causa
907 897 962 954 est
989 905 1079 979 prae·

77 997 210 1094 cipuus
235 998 328 1070 alter
348 996 546 1094 adjunctus
569 996 726 1069 morbus
748 1012 790 1068 ut
816 999 855 1068 in
875 997 1079 1070 Rotbonna·

77 1119 181 1212 gensi
204 1117 266 1190 illa
290 1113 406 1204 febri,
426 1141 448 1186 a
473 1115 517 1186 cl.
545 1114 751 1189 Malouinio
786 1113 841 1211 (Ι)
870 1115 1079 1215 descripta,

78 1257 157 1328 quae
176 1234 248 1306 sub
266 1231 382 1306 finem
406 1233 497 1304 anni
520 1233 611 1330 ¹753.
629 1235 758 1330 plures
776 1232 883 1306 brevi
908 1250 1081 1332 tempore

78 1349 130 1420 ibi
145 1353 346 1424 interemit.
366 1351 425 1422 Ob
455 1350 657 1447 malignam
682 1353 784 1422 enim
813 1354 975 1424 materiae
991 1355 1083 1424 acri-

79 1471 268 1556 moniam,
297 1467 573 1554 ventriculum,
594 1482 638 1538 et·
652 1469 828 1540 intestina
849 1470 1081 1556 irritantem,

82 1583 327 1656 inflammatio
358 1584 511 1656 demum
529 1583 592 1654 illa
621 1581 752 1670 fiebat,
785 1610 866 1681 quae
888 1588 927 1656 in
947 1587 992 1660 iis
1009 1590 1081 1664 vis·
1154 1586 1157 1594 ’

84 1703 252 1790 ceribus,
283 1703 360 1798 jam
393 1703 433 1770 in
471 1725 706 1799 gangraenam
740 1701 994 1799 degenerans,
1027 1729 1084 1776 re·

83 1838 188 1916 perta
212 1837 287 1907 est,
318 1820 473 1917 reliquis
503 1820 661 1891 internis
690 1820 812 1900 illesis
835 1820 1026 1918 partibus,
1049 1839 1086 1896 et

84 1941 289 2034 praesertim
312 1939 466 2035 capitis„
497 1937 603 2035 quod
633 1937 765 2009 dolore
791 1939 987 2036 alioquin,
1018 1965 1087 2038 per

84 2079 311 2128 consensum
338 2056 530 2144 videlicet,
555 2057 595 2126 in
622 2055 702 2128 dies
730 2073 946 2147 crescente,
966 2073 1002 2130 et
1026 2058 1088 2131 de·

84 2173 170 2272 lirio
190 2192 363 2248 vexatum
379 2173 511 2248 luerat.
530 2176 725 2272 Sapienter
741 2175 872 2273 igitur,
891 2192 1005 2274 atque
1018 2179 1088 2248 uti-

83 2289 170 2364 liter
208 2292 444 2364 medicorum
476 2292 840 2389 Rothomagensium
866 2293 1087 2391 collegium,

85 2433 165 2480 non
182 2409 450 2496 attendendam
467 2424 559 2482 tunc
571 2409 913 2510 inflammationem
938 2396 1088 2502 statuit,

86 2551 171 2622 quae
196 2543 261 2600 aut
289 2528 392 2600 nulla
421 2528 532 2598 initio
553 2543 651 2616 erat,
673 2543 741 2601 aut
763 2553 810 2600 ex
838 2528 1022 2600 accidenti
1044 2531 1088 2618 ,in
1137 2527 1143 2537 ’

87 2668 289 2742 progressu
316 2642 562 2731 nascebatur,
591 2644 655 2715 sed
677 2647 839 2716 materia
859 2647 1047 2720 acerrimae
1069 2671 1089 2718 e

85 2761 220 2857 primis
242 2761 310 2834 viis
327 2761 528 2834 educendae
557 2785 636 2833 esse
663 2786 818 2860 operam
840 2762 1024 2852 dandam;
1042 2763 1090 2838 ab

86 2877 161 2950 bae
185 2880 307 2968 enim,
331 2880 362 2952 si
384 2881 486 2950 intus
509 2877 812 2976 relinqueretur,
844 2882 1091 2956 irritationem

87 3007 375 3094 permanentem
394 2996 513 3068 multo
532 2998 674 3094 magis,
702 3009 816 3094 quam
835 3013 1091 3074 transeuntem
1135 2987 1140 2999 i

90 3113 138 3186 ab
169 3114 437 3188 evacuantibus
466 3116 673 3212 prasertim
699 3115 911 3190 mitioribus
937 3109 1015 3196 ess'e
1045 3123 1092 3192 ti·

91 3236 276 3306 mendam.
296 3239 411 3306 Recte
436 3249 562 3306 autem
586 3231 718 3320 facies,
747 3235 776 3306 si
797 3233 844 3304 ad
868 3237 1093 3334 Sepul'cbre-

93 3367 173 3424 tum
194 3351 383 3424 addideris
407 3354 549 3449 quaein
573 3352 646 3424 illis
669 3353 744 3424 sint
763 3352 1007 3428 cadaveribus
1029 3357 1095 3428 de·

93 3469 300 3568 prehensa,
320 3485 357 3555 et
370 3460 451 3565 quae
470 3471 508 3538 in
529 3471 609 3557 aliis
628 3471 755 3556 etiam,
774 3495 860 3542 cum
879 3449 1096 3569 epiilemicie

96 3588 173 3660 aliae
198 3585 322 3660 febres
344 3590 617 3684 grassarentur,
645 3611 811 3684 quorem
842 3585 998 3684 alicujus
1023 3589 1097 3662 dis·

108 3773 1106 3826 ...-.......-'....2................................

134 3950 180 4030 (a)
201 3954 290 4009 Mem.
306 3951 343 4008 de
355 3949 467 4008 l’rlcatl.
479 3968 548 4029 roy.
561 3950 612 4008 des
625 3951 672 4010 Sc.
684 3989 693 4022 ,
708 3969 756 4007 aa.
773 3949 859 4022 1753.
