2732 4654
83 431 151 480 nm.
165 431 218 478 ιν.
239 431 288 478 nr
301 427 438 478 aroneis
452 418 725 491 cn1nuno.,etc.
746 427 857 476 artsr.
874 429 944 476 cix.
976 401 1047 476 383

40 554 165 602 attamen
179 543 248 618 ejus
261 563 377 602 morsus
391 562 446 600 nec
459 543 588 600 subitam
603 552 656 599 aut
674 543 901 614 velocissimam,
915 561 970 600 nec
987 553 1048 599 sta·
1075 545 1077 550 '

39 644 89 700 tim
95 645 344 717 somniculosam,
353 645 440 702 affert
453 655 588 701 mortem.
602 643 736 718 stipatur
748 661 868 718 quoque
876 685 884 714 ,
892 655 926 699 ut
937 645 1048 712 docent.

40 744 266 802 observationes
280 747 431 820 quaedam,
442 745 474 801 in
483 745 539 800 ista
548 744 669 822 regione
677 745 816 815 collectae,
826 743 919 820 partis
930 744 1050 800 demor-

38 862 74 899 sae
86 855 206 902 tumore
223 857 256 902 et
274 843 493 922 cccbymomate
502 886 512 917 ,
532 845 677 922 uariegati
700 843 808 902 coloris
820 833 1050 919 'plucminusve

42 943 153 1002 intenso
170 957 202 1002 et
216 945 343 1004 diffuso.
357 949 463 1021 Itaque
475 963 663 1028 quocumque
674 946 765 1002 modo
778 961 879 1001 casum
892 944 1048 1020 inspicias,

42 1045 135 1100 inultae
156 1063 338 1122 magnaeque
359 1045 562 1104 dubitationes
584 1057 746 1122 exsurgunt
768 1046 805 1102 de
831 1062 920 1102 causa
943 1044 1050 1102 mortis

43 1144 203 1228 Cleopatrae
215 1164 274 1220 per
284 1164 417 1202 morsum
430 1145 551 1222 aspidis.
563 1147 617 1215 Et,
630 1157 665 1203 ut
676 1145 811 1202 videmus
823 1145 973 1222 quotidie,
986 1161 1050 1200 non

41 1241 95 1297 nisi
106 1261 293 1320 magnacum
301 1245 439 1302 cautione
448 1243 601 1324 fidendum
608 1253 652 1302 ast
663 1245 857 1301 relationibus
868 1244 961 1320 vulgi,
972 1263 1049 1300 seru-

43 1360 92 1416 per
104 1354 133 1399 et
146 1342 266 1422 ubique
281 1345 407 1404 amantis
421 1344 645 1422 prodigiorum
663 1345 715 1403 sed
728 1345 883 1402 redeamus
899 1345 938 1401 ad
953 1343 1050 1402 medi·

42 1442 142 1500 cinam.

81 1546 116 1600 In
126 1546 231 1616 Italia,
246 1545 363 1618 Gallia,
374 1548 535 1623 multisque
546 1517 751 1623 aliifluropae
762 1545 933 1623 regionibus
944 1564 1051 1604 occur·-
1135 1600 1145 1619 ,

48 1656 111 1700 runt
124 1645 252 1722 viperae3
271 1665 374 1704 earum
392 1643 523 1718 morsus,
542 1657 577 1704 ut
594 1648 759 1704 numerosis
777 1655 893 1703 constat
911 1648 1051 1704 Fontauae

51 1746 272 1820 experimentis,
294 1766 374 1820 non,
387 1747 445 1804 nisi
460 1765 570 1823 parva,
590 1759 697 1806 necant
712 1747 861 1806 animalia.
877 1749 912 1802 ln
928 1735 1049 1804 homine

15 1909 17 1916 .
50 1860 115 1901 vero
124 1865 242 1906 morsus
253 1848 344 1906 unius
355 1847 465 1924 viperae
476 1847 568 1904 variis
583 1847 732 1923 stipantur
742 1846 990 1923 symptomatibus
1002 1857 1050 1906 to·

53 1943 121 2018 picis
135 1959 164 2004 et
176 1938 393 2024 generalibus„
405 1936 457 2004 sed
470 1964 624 2024 nunquam
641 1947 771 2008 afferunt
782 1959 910 2004 mortem
923 1957 953 2004 et
965 1947 1050 2039 facin

55 2058 188 2104 sanantur
201 2049 297 2106 animi
309 2048 407 2123 quiete
420 2059 450 2104 et
461 2049 565 2125 paucis
581 2047 729 2106 remediis.
983 2121 985 2126 Α

90 2147 169 2204 Inter
178 2149 330 2220 remedia,
343 2151 435 2206 veluti
445 2147 630 2224 specificam,
645 2149 704 2206 huc
720 2167 813 2226 usque
829 2149 983 2206 decantata
994 2149 1052 2206 tuit

58 2251 196 2308 ammonia
206 2269 303 2326 pura,
314 2249 361 2306 vel
370 2249 530 2321 coccinata,
543 2249 681 2326 guttatim
695 2251 725 2307 in
740 2251 847 2326 cyatho
856 2251 920 2310 vini
933 2261 984 2307 aut
997 2267 1052 2308 cu-

55 2343 161 2418 jusdam
169 2351 261 2408 infusi
273 2347 438 2406 theilormis
450 2359 537 2425 epota
545 2369 551 2405 :
559 2351 626 2422 scd,
638 2361 673 2406 ut
684 2369 731 2408 me
743 2351 846 2408 docuit
860 2349 1050 2427 experientia,

58 2449 176 2506 remedia
200 2465 396 2528 quaecumque
424 2449 600 2506 diffusibilia
621 2451 789 2529 etquidem
809 2451 894 2511 aoida
918 2451 1051 2508 eamdem

58 2544 157 2612 habent
169 2529 339 2618 facultatem
349 2569 357 2620 ;
366 2547 408 2605 sic
422 2549 453 2604 in
462 2568 524 2605 uno
537 2567 622 2620 casu,
636 2567 743 2626 magno
754 2569 822 2611 cum
834 2565 970 2608 successu
983 2549 1052 2606 dedi

60 2658 144 2721 guttas
160 2651 282 2726 triginta
299 2662 351 2728 aut
365 2649 563 2726 quadraginta
579 2649 695 2706 aetheris
713 2649 864 2720 sulfurici;
885 2650 917 2706 in
939 2651 1051 2722 altero,

60 2730 128 2803 acidi
138 2750 281 2808 suliurosi
293 2749 426 2806 eamdem
435 2749 632 2824 quantitatem
643 2747 675 2804 in
687 2767 771 2824 aquae
780 2749 922 2825 simplicis
935 2751 1052 2825 cyatho.

61 2847 100 2915 Et,
112 2849 134 2904 si
148 2870 193 2910 res
204 2852 370 2930 postulant,
389 2835 523 2926 repetitss
536 2847 668 2921 vicibus,
686 2869 753 2908 curn
767 2849 865 2906 infuso
884 2849 1052 2924 theiformi,
1149 2865 1151 2877 ¹

60 2951 192 3026 sambuci,
206 2951 386 3028 borraginis.
403 2954 459 3007 Per
469 2945 550 3006 huuc
561 2949 685 3006 curandi
693 2949 831 3022 modum,
842 2951 938 3025 dieta,
946 2951 1054 3013 sudore

62 3059 86 3103 et
94 3051 206 3128 copioso
218 3065 296 3131 potu
305 3051 405 3110 omnia
413 3049 499 3108 brevi
509 3057 694 3108 evanuerunt
703 3062 907 3126 symptomata.

670 3147 850 3227 (Adnotatio
861 3151 993 3236 Editor.)

987 3239 992 3254 4

309 3523 431 3573 nttts
462 3523 797 3600 unlnntQuatttt.
