2836 4648
89 484 159 535 tra.
170 477 203 534 r.
214 475 581 560 ntuntnutstntta.
591 475 780 532 sursnton.
791 481 903 550 trrsr.
913 479 1009 530 txrx.
1025 455 1094 534 661

86 615 180 700 pter
202 611 461 700 paupertatem
472 594 599 693 ¹‚magis
619 616 733 694 quarn
752 593 803 674 ob
818 593 1020 686 morbum,
1037 597 1100 669 ad·
1133 581 1135 586 ’

96 719 225 804 missa,
242 714 296 786 ibi
313 737 456 786 annum
475 727 512 792 et
536 735 685 784 menses
698 713 845 810 aliquot
862 710 939 815 lere
955 737 1104 814 semper

96 833 245 920 cubuit,
262 845 463 932 propterea
477 829 566 928 quia
584 829 616 900 si
634 852 788 928 surgere
801 845 1023 920 conaretur,
1034 833 1102 904 do-

95 950 196 1024 lores
214 929 546 1048 exasperabantur.
576 947 753 1044 Appetitu
769 945 1036 1022 alimentorum
1050 949 1105 1022 vi-

97 1083 226 1168 gente,
244 1065 386 1138 viribus
403 1079 529 1151 autern
552 1063 734 1162 paulatim
758 1061 1041 1157 deficientibus,
1066 1081 1105 1142 et

0 1238 1 1243 ,
97 1179 259 1258 subinde
286 1179 457 1296 desipere
490 1173 589 1268 visa,
610 1179 786 1252 tandem
795 1183 933 1256 sensim
954 1201 1105 1258 mortua

0 1361 3 1374 ι
98 1317 155 1374 est
176 1299 277 1374 sub
268 1299 418 1370 mitium
439 1298 530 1375 anni
560 1293 662 1394 ι754
693 1295 892 1370 Cadaveris
915 1301 1106 1376 macilenti

4 1473 7 1483 .
98 1434 224 1519 partes
242 1417 414 1516 quaedam
432 1438 511 1486 non
525 1413 678 1486 inutiles
694 1413 806 1490 nobis
824 1387 998 1507 luerunt,
1011 1395 1105 1494 tunc

8 1558 12 1620 ζ
98 1531 155 1610 ibi
173 1536 305 1636 plura,
321 1548 359 1606 et
370 1555 472 1606 varra
489 1531 870 1630 recognoscentibus,
879 1549 915 1606 et
929 1533 1107 1612 demons
1198 1515 1205 1532 ι

99 1651 300 1728 tractibus.
340 1647 548 1724 cerebrum
583 1649 702 1738 enim,
728 1647 978 1736 cerebellum,
1024 1671 1106 1730 me.

3 1837 5 1856 ,
101 1767 206 1842 dnlla
219 1767 422 1869 oblongata
442 1765 494 1839 sie
513 1762 600 1838 satis
614 1762 1018 1869 'firmafueruutpnam
1038 1775 1108 1846 etsi
1184 1803 1185 1808 ¹

4 1941 13 1984 ᾗ
101 1884 319 1962 lateralibus
340 1879 560 1957 ventriculis
585 1903 692 1982 aquae
724 1883 887 1982 limpidae
908 1885 1109 1964 mediocris

12 2057 15 2066 .
102 2006 213 2098 copia
230 2007 366 2093 inerat3
387 2001 520 2101 plexus
534 2015 662 2084 tamen
680 1999 881 2076 chornide's
900 2003 1110 2098 rubebant,

1 2179 16 2224 ,5
99 2149 174 2196 nec
201 2122 326 2195 tenuis
341 2120 496 2192 meninx
515 2099 776 2192 detrahentem
790 2117 903 2194 facile
898 2123 1114 2225 sequeba-

100 2259 184 2332 tur,
203 2240 279 2312 duo
304 2236 382 2310 fere
398 2235 536 2308 indicia
554 2221 634 2346 non
649 2237 715 2308 diu
734 2261 872 2344 aquam
888 2205 1018 2312 illam
1009 2258 1108 2333 antra

16 2361 18 2368 '
98 2359 273 2432 cranium
287 2349 411 2451 fuisse.
430 2353 569 2429 Uterus
587 2335 765 2454 quoqne,
783 2359 931 2430 tametsi
947 2359 1110 2436 inclina

99 2493 184 2554 tum
196 2473 273 2546 vidi
286 2473 326 2546 in
336 2470 511 2564 ,eamdem
520 2485 666 2570 partem
678 2473 717 2542 in
733 2496 847 2570 quam
865 2476 1014 2548 anicula
1028 2475 1108 2551 hac

4 2570 25 2706 l
99 2591 390 2678 claudicaverat,
409 2605 447 2662 et
472 2588 617 2681 orariis,
633 2591 811 2688 stipatum
833 2595 994 2664 maxime
1013 2619 1107 2690 eon·
1208 2617 1215 2628 ·

102 2711 252 2798 tractis,
284 2705 332 2778 ad
358 2703 503 2805 reliqua
523 2722 649 2789 tamen
676 2705 911 2790 ostendenda
930 2709 1000 2783 luit
1026 2713 1146 2788 ido-x

9 2900 23 2950 ’ὦ

15 3143 23 3178 ι

14 3261 22 3306 l

15 3371 28 3426 p

24 3486 31 3536 l

101 2851 217 2915 neus,
247 2839 284 2896 et
310 2813 410 2897 inter
438 2839 571 2918 caetera
595 2821 645 2910 ad
678 2826 892 2900 monendos
920 2829 1109 2908 studiosos

10 3015 28 3037 1,
103 2936 389 3032 adolescentes,¹
399 2965 448 3014 ne
462 2957 620 3040 propter
639 2939 734 3020 illud
747 2942 853 3042 quod
870 2945 909 3015 in
921 2949 948 3018 Ι.
968 2947 1115 3024 adver?
1156 2959 1159 2968 “
1204 3035 1205 3042 ¹

99 3062 207 3136 sariis
232 3059 310 3158 (1),
333 3060 498 3148 vaccini,
527 3073 564 3130 et
590 3052 960 3136 muliebris‘uterini
988 3067 1110 3164 osculi

12 3177 17 3280 J
101 3177 217 3252 situm
231 3191 474 3276 comparans,
494 3173 587 3248 olim
611 3176 854 3282 scripseram,
882 3173 1022 3279 negare
1047 3207 1108 3258 me

13 3286 24 3298 ''
104 3294 307 3368 crederent
331 3294 434 3367 illius
460 3291 598 3384 osculi,
631 3289 843 3368 seeundum
867 3312 1041 3372 naturam
1068 3303 1111 3374 iu

16 3501 21 3524 ·
100 3411 262 3484 muliere
288 3433 327 3482 se
346 3409 538 3498 habentis,
565 3435 747 3500 epronam
762 3412 991 3512 aliquanto,
1015 3416 1111 3512 (etsi

17 3527 20 3546 '
104 3554 187 3602 non
205 3551 357 3625 semper
371 3543 513 3625 quanto
534 3527 725 3600 Eustachii
749 3530 879 3604 icones
899 3530 954 3629 (a)
970 3523 1112 3606 collata
1133 3609 1136 3618 ,

103 3649 205 3720 inter
229 3669 267 3718 se
284 3643 480 3744 indicant)
503 3644 823 3730 abanterioribus
837 3650 975 3747 magis,
996 3671 1115 3748 quatu

24 3782 1111 3856 ι.----ι--ιι-ι--ιςι-ιη-ι---ιι-ι-ι-ι-ιι-ιιι-ιιιιιιιι---ιι-ὗι---ιιιι--ι

150 3927 373 4009 (ι)Ν..ι5..
473 3967 493 3978 ›-
579 3965 608 3972 ··

153 4028 195 4112 (a)
217 4031 291 4090 Tab.
308 4037 360 4105 tt,
381 4029 434 4112 fig.
455 4030 557 4100 dett.
