2732 4654
119 499 187 548 mn.
204 497 254 547 ιν
270 467 682 564 nanonntscnmma„
699 491 767 550 etc.
781 499 893 550 musr.
911 501 982 549 mx.
1012 477 1085 574 309

79 614 183 686 niore
203 615 286 709 ejus
311 612 480 693 medico,
504 637 753 710 quaecumque
776 629 940 714 poterat,
971 636 1085 740 opem

79 727 301 818 serentibus,
321 727 515 801 confectus
533 745 600 801 est

123 872 181 918 22.
197 849 290 938 Quae
311 872 385 917 una
405 843 541 920 suisset
556 847 719 943 reliqua,
746 849 912 945 ignotam
931 847 1083 920 illarum

79 977 132 1035 tot
161 965 449 1062 aegrotationum
483 963 676 1061 quaerendi
697 965 756 1035 via
784 980 958 1036 anatome
982 965 1086 1036 vide·

80 1079 185 1168 licet,
206 1105 290 1152 eam
318 1081 464 1178 plures,
488 1081 675 1178 variaeque
699 1081 863 1154 rationes
883 1079 1086 1179 prohibue-

82 1214 177 1268 runt.
199 1203 370 1289 Quarum
386 1198 518 1296 aliqnae
539 1197 691 1269 alterius
708 1222 860 1294 quoque
880 1183 1085 1269 sectionem
1122 1278 1128 1294 x

12 1395 13 1400 ἵ
82 1331 298 1404 vetuerant,
330 1341 443 1412 quem
462 1341 542 1389 non
564 1315 655 1386 levis
683 1290 901 1410 conjectura
922 1329 1017 1403 erat,
1039 1340 1086 1386 ex

12 1515 14 1526 y
84 1435 184 1532 opio,
209 1458 282 1532 per
304 1432 606 1532 pharmacopola
626 1457 793 1504 errorem
825 1433 950 1504 minus
972 1457 1086 1530 parce

12 1547 14 1553 ’
82 1551 257 1648 praebito,
274 1550 485 1624 decessisse.
507 1550 624 1645 Cujus
639 1549 813 1622 dissectio
822 1575 867 1620 eo
879 1575 980 1620 nunc
992 1548 1087 1622 mihi

12 1751 14 1758 y
85 1671 223 1766 gratior
240 1655 365 1757 esset,
387 1665 490 1765 quod
511 1667 550 1736 in
575 1665 697 1738 brutis
726 1666 977 1738 animantibus
1000 1681 1088 1764 post

86 1785 211 1858 datum
226 1786 368 1884 largius
387 1786 516 1882 opium
541 1784 668 1855 incisis
689 1781 885 1854 observata
908 1761 955 1854 ab
977 1809 1088 1880 expe·

13 1885 14 1888 Ἴ
87 1904 244 1976 rientiss.
269 1902 488 2000 Sproegelio
507 1899 561 1996 (1)
575 1901 701 1972 minus
719 1903 936 1986 convenire,
958 1900 1088 1989 video,

12 2102 15 2122 f
89 2043 169 2092 cum
185 2021 231 2092 iis
246 2019 376 2118 quaein
392 2017 742 2090 caneadnotaverat
758 2019 824 2088 cel.
842 2015 1087 2114 Meadius(2).

12 2137 13 2144 '
87 2140 268 2208 Caeterum
297 2135 344 2206 de
366 2135 485 2208 abusu
510 2136 588 2233 opii
610 2133 821 2206 detestabili
850 2132 950 2231 apud
970 2135 1089 2205 'vene-

86 2251 173 2326 ficos
199 2253 351 2325 nullum
368 2278 388 2323 a
408 2278 467 2324 me
494 2252 653 2324 verbum
683 2267 857 2350 expectes
881 2251 1088 2348 inscriptis

89 2370 251 2468 quidem.
269 2375 343 2445 Res
364 2372 465 2444 enim
482 2369 683 2466 ejusmodi,
707 2394 728 2439 a
746 2367 902 2440 medicis
918 2369 1087 2464 alioquin
1175 2401 1177 2405 ·

12 2491 13 2494 ’
91 2513 166 2560 non
182 2487 591 2587 ignorandas,11tinam
615 2487 765 2558 secretis
788 2485 968 2555 duntaxat
991 2486 1091 2556 inter

93 2629 128 2676 se
148 2605 350 2704 colloquiis
362 2605 584 2702 agitassent3
604 2603 742 2675 chartis
759 2616 884 2674 autem
897 2626 974 2692 non
993 2597 1103 2671 com-⁹

93 2723 300 2810 misissent,
318 2745 366 2792 ne
381 2719 485 2818 quod
498 2720 544 2791 ad
558 2723 788 2790 curationem
807 2716 1091 2812 excogitandam

95 2841 185 2912 scire
204 2863 359 2913 necesse
377 2854 449 2927 est,
472 2837 510 2908 id
531 2863 550 2909 a
570 2834 719 2910 nefariis
737 2833 959 2908 hominibus
978 2835 1023 2905 ad
1044 2836 1094 2908 la·

95 2971 231 3044 tenter,
253 2969 290 3026 ct
313 2955 468 3054 impupe
491 2951 743 3026 occidendum
769 2966 863 3022 esset
890 2950 1091 3026 detortum.
1119 2933 1122 2942 Κ

95 3072 349 3163 Quamobrem
374 3071 538 3145 Galenus
555 3069 608 3169 (3)
624 3069 1095 3167 Orpheum-‘cognomento

97 3187 341 3288 theologum,
356 3195 500 3264 Horum
527 3187 799 3261 Mendesium
786 3188 998 3282 juniorem,
1022 3194 1096 3260 He·

98 3307 290 3380 liodorum
313 3306 586 3385 atheniensem
604 3305 770 3420 aliosque
788 3303 972 3378 librorum
992 3304 1075 3376 de
1052 3329 1097 3378 ns
1150 3375 1153 3382 ,

100 3422 435 3523 compositionibus
455 3437 628 3496 auctores
644 3447 762 3520 usque
782 3421 876 3494 adeo
896 3420 1098 3518 reprehen-

101 3539 170 3631 dit,
190 3557 301 3613 utne
325 3540 419 3611 illud
442 3539 595 3637 quidem
621 3539 819 3628 concedat,
844 3563 973 3610 earum
1001 3539 1099 3607 noti·

97 3715 1092 3742 m

139 3837 183 3914 (1)
202 3841 311 3914 Exper·
323 3838 403 3896 circa
414 3837 498 3894 varia
510 3854 639 3909 venena,
653 3846 708 3894 etc.
723 3837 798 3911 Exp.
814 3831 851 3890 15
862 3841 966 3906 etpeq.

142 3933 183 4014 (a)
203 3940 304 3996 Tract.
318 3937 355 3996 de
367 3936 489 3994 venenis
501 3946 573 3994 tent.
592 3935 621 3994 5.

139 4035 181 4115 (3)
202 4039 248 4094 De
261 4036 387 4096 antidot.
405 4037 427 4096 l.
444 4053 479 4108 α,
496 4055 521 4093 c.
537 4055 565 4108 7.
