2836 4648
79 465 180 514 cmv.
197 426 755 529 nurunnumssnnu.summor.
767 464 983 544 suisnnxvr.
1004 435 1072 543 597

78 581 198 653 sedem
216 577 391 651 videlicet
402 559 625 650 habentisiu
639 578 1077 672 ureteribusextremum

77 699 114 768 in
128 695 280 768 modum
293 694 340 766 ab
351 692 444 768 lotio
455 692 634 780 dilatatis,
653 694 759 790 quod
780 695 948 770 defluere
966 700 1005 770 in
1018 723 1078 784 re·

77 816 184 885 sicam
207 837 287 884 non
307 809 425 909 possit
447 823 606 908 propter
630 809 785 883 ittorum
811 812 1078 886 vehementem

76 930 121 1002 ad
140 930 383 1002 insertionem
396 924 684 1024 'strangulatum
703 926 845 998 Indicia
857 941 980 1002 autem
998 931 1078 1002 haec

75 1045 299 1138 afferuntur,
317 1047 545 1142 conjunctus
575 1067 660 1114 cum
681 1044 844 1132 ischuria
864 1046 977 1132 dolor
994 1071 1076 1142 sur·¹
1097 1065 1099 1068 ·
1128 1137 1133 1148 f
1233 1101 1238 1110 x

73 1163 150 1251 dus,
162 1180 198 1236 et
211 1187 339 1249 sensus
350 1162 503 1261 quidam
521 1159 701 1259 ponderis
709 1162 748 1232 in
762 1161 899 1234 lumbis
916 1167 1074 1262 propius

72 1283 243 1368 vesicam,
253 1307 374 1380 ‘quam
391 1303 513 1356 renes.
530 1283 684 1350 Exstant
699 1278 872 1376 quidem,
888 1297 936 1352 ut
950 1285 1073 1372 nosti,

71 1402 146 1468 noir
167 1423 288 1496 ¹pau-ca
317 1413 510 1476 ureterum
537 1390 765 1478 dilatationis
793 1399 983 1496 exempla,
1001 1399 1073 1474 alia

69 1514 116 1586 ab
134 1515 214 1587 aliis
229 1516 348 1590 causis
363 1539 444 1614 quae
454 1513 539 1586 illos
554 1513 600 1618 ed
616 1511 862 1585 insertionem
876 1531 947 1587 ‘aut
962 1521 1073 1589 strin-

68 1648 172 1731 gant,
194 1649 258 1704 aut
285 1635 402 1708 etiam,
413 1631 603 1706 obturent.
633 1635 774 1701 Verum
802 1633 832 1702 si
848 1633 990 1704 tamdiu
1012 1635 1070 1708 hae

66 1752 266 1848 persistant
288 1773 425 1838 causae,
451 1765 494 1821 ut
519 1763 729 1820 extremum
754 1749 793 1818 in
814 1748 973 1820 modum
1003 1777 1068 1826 eos

65 1871 188 1968 possit
201 1860 310 1942 urina
329 1868 501 1955 dilatare;
518 1867 640 1938 multo
657 1867 884 1964 priusquam
900 1865 1072 1960 hocfiat,

60 1987 382 2084 jugitemecreta
420 1985 796 2066 urina-tenuissimas
824 1985 924 2056 iutra
958 2008 1069 2078 renes
1104 1993 1107 1998 ’
1219 1971 1220 1976 “

64 2105 213 2176 semitas
233 2097 287 2176 ‚sic
308 2102 499 2201 opplebit,
520 2116 561 2174 ut
580 2104 655 2182 vim
679 2101 737 2173 his
755 2098 905 2189 afferat,
930 2116 968 2173 et
985 2125 1070 2173 eam
1138 2105 1139 2110 ’

61 2246 145 2316 quae
176 2220 231 2292 tbi
251 2218 313 2313 fit,
349 2221 596 2293 secretionem
634 2219 845 2316 premendo
885 2217 1069 2318 impediat

60 2341 138 2410 cito
152 2327 318 2426 adeunt
332 2327 477 2408 virttem
482 2361 552 2434 pus
567 2339 614 2408 sit
634 2335 765 2408 mcdiae
779 2336 880 2410 illius
892 2337 1066 2410 ischuriae

58 2457 168 2552 signa
194 2453 516 2531 animadvertendi
538 2452 586 2527 ab
611 2453 726 2551 signis
749 2435 956 2551 disjuncta,
983 2479 1066 2553 quae

55 2571 123 2642 itta
137 2570 360 2659 obscurent,
389 2563 619 2667 ejuscemodi
635 2569 806 2642 ischnriee
822 2571 980 2661 reculis:
1000 2587 1067 2664 out

55 2690 91 2760 si
105 2687 237 2758 rnediae
250 2687 388 2760 indicia
404 2687 611 2774 velnntea,
638 2688 698 2759 vel
726 2703 855 2786 postea
882 2684 1065 2764 adnotare

52 2805 149 2878 satis
161 2805 290 2892 liceum
308 2796 407 2878 certe
425 2789 775 2906 si'eruntpropiora
788 2805 934 2896 vesicae,
949 2833 1063 2906 quarn

51 2923 233 3010 renibus,
255 2923 397 2992 nonin
423 2921 577 3012 lumbis,
601 2947 697 3022 quos
720 2947 829 2996 renes
849 2925 921 3023 ipsi
948 2949 1064 3000 occu·
1126 3019 1127 3024 Ἰ

22 3067 24 3070 ·
37 3057 173 3144 pant,
192 3040 258 3114 sed
273 3037 382 3110 ¹infra
399 3041 557 3120 lumbos
578 3043 846 3142 percipientur.
880 3043 952 3116 Sed
967 3045 1062 3138 elia,

49 3159 201 3230 nedum
217 3159 306 3248 is‘ta,
323 3164 620 3255 exconjectura,
640 3187 719 3258 non
732 3186 782 3234 ex
794 3160 1064 3236 ¹observatione

48 3277 277 3375 proposita,
305 3277 429 3350 libens
447 3281 603 3370 omitt0,
624 3295 666 3350 ut
692 3274 819 3378 potius
837 3281 936 3354 inter
951 3275 1065 3378 pluris

47 3418 140 3491 quae
157 3395 319 3492 ingenue
339 3383 587 3484 commendo,
611 3387 729 3468 unum
762 3381 928 3484 laudem,
958 3398 1061 3470 unde

46 3525 184 3609 potest
196 3514 296 3589 iuter
315 3527 462 3589 ceteras
480 3514 561 3585 illas
580 3495 662 3586 turn
680 3515 960 3586 incontinentiae
981 3516 1060 3584 uri-

44 3655 133 3717 nae,
149 3643 232 3702 tum
242 3630 420 3703 -ischuriae
430 3631 597 3704 vesicalis
612 3655 740 3712 causas
757 3656 840 3728 quae
852 3631 899 3704 ad
909 3629 1060 3729 sphinc·
1141 3697 1142 3704 ,

42 3764 175 3820 terem
194 3748 374 3836 attinent,
399 3773 498 3822 nova
527 3749 698 3846 quaedam
721 3747 866 3822 reterri.
886 3753 987 3838 Quot
1021 3763 1058 3820 et

42 3889 171 3961 quam
189 3847 290 3942 varia
313 3865 360 3942 de
377 3866 595 3965 sphinctere
618 3869 749 3950 vesicae
773 3865 956 3936 hactenus
984 3865 1060 3947 sint

41 3982 214 4074 tradita,
244 4007 323 4060 non
356 3985 529 4086 ignoras,
560 3999 721 4084 propter
751 4007 852 4081 quae,
880 4005 1057 4080 measque

127 4126 164 4199 7.
496 4183 498 4186 ,
868 4098 913 4178 38
994 4213 996 4220 J
