2858 4658
111 474 116 483 ·
188 471 259 518 mn
273 467 323 517 rr.
341 470 389 518 nr
401 467 745 534 uoamscnmnnc,
760 459 827 518 etc.
844 470 955 518 amsa.
973 432 1033 525 rvi
1079 446 1127 546 37

127 605 243 684 quam
265 587 305 656 in
323 585 466 656 rustico
488 585 594 674 viru,
612 607 684 654 nos
704 582 839 656 vidisse
860 607 941 654 non
957 585 1141 656 memini.
1190 574 1192 578 ¹

128 728 223 775 mus.
247 707 371 794 Quem
394 701 562 790 nudum,
593 699 817 799 prolicieudi
837 701 985 774 sudoris
1004 725 1132 791 causa,

129 823 167 891 in
187 819 424 919 gurgustiolo
445 819 654 908 inclusum,
681 818 850 918 chirurgi
875 821 1041 917 primum
1064 820 1151 937 imx
1264 853 1267 859 ·

130 939 267 1037 peritia
292 937 411 1009 nimio
444 937 541 1035 ignis
561 937 686 1009 calore
712 935 888 1026 admoto,
914 952 995 1010 tum
1025 937 1136 1034 perti·

129 1057 261 1142 nacia,
284 1054 464 1152 neglectis
477 1055 610 1126 rustici
629 1053 792 1151 querelis
811 1078 849 1126 se
867 1053 1040 1126 comburi
1058 1054 1135 1128 cla·

130 1173 286 1262 mantia,
312 1171 578 1270 pessumdedit.
603 1173 734 1268 Neque
754 1170 855 1242 enim
884 1186 969 1244 ante
989 1171 1136 1261 eduxit,
1200 1200 1220 1249 ς

133 1315 248 1388 quam
270 1304 352 1362 toto
372 1304 467 1362 esset
487 1289 657 1387 corporis
680 1288 825 1360 ambitu
844 1289 1134 1362 semiustulatus.

133 1405 392 1498 Quamobrem
412 1405 480 1479 etsi
498 1407 594 1478 cutis
613 1403 793 1477 duntaxat
819 1403 1027 1476 exulcerata
1038 1420 1117 1478 erat
1125 1399 1144 1495 3⁶

136 1525 427 1598 exulcerationis
456 1539 582 1596 tamen
606 1525 685 1621 ipsa
706 1522 914 1622 amplitudo
943 1507 1139 1596 bominem
1187 1545 1217 1587 1

135 1643 234 1714 intra
258 1641 442 1731 biduum,
470 1657 535 1713 aut
548 1639 716 1714 triduum
732 1642 772 1712 in
788 1641 1018 1714 Bononiensi
1029 1645 1140 1712 Incu-

136 1760 314 1834 rabilium
339 1759 584 1848 nosocomio,
614 1783 692 1856 quo
716 1783 804 1830 mox
830 1759 1064 1846 detulerant,
1092 1757 1141 1853 ad
1163 1775 1166 1792 ¹

139 1893 300 1950 mortem
326 1902 396 1976 per
423 1876 591 1950 assiduos
615 1876 931 1974 incredibilesque
954 1878 1141 1948 cruciatus

139 1996 324 2096 perduxit.
343 1996 439 2066 Huic
456 1994 557 2066 haud
574 1995 624 2064 ita
638 1993 845 2072 absimilem
862 2017 987 2066 casum
1008 1991 1055 2064 ab
1072 1997 1146 2064 Le·

138 2113 240 2186 delio
257 2112 315 2208 (1)
334 2113 573 2210 propositum
600 2111 726 2210 leges3
759 2110 1008 2207 sedjuvenilis
1035 2125 1142 2198 aetas,

138 2229 422 2330 promptissima
445 2210 611 2318 curatio,
637 2253 708 2300 nec
728 2252 796 2327 par
819 2230 859 2297 in
890 2225 1083 2313 omnibus,
1100 2241 1145 2303 ut

141 2348 294 2420 dolores
308 2345 576 2435 ostendebant,
595 2347 690 2418 cutis
708 2345 879 2445 partibus
896 2345 1146 2433 exulceratio,

142 2465 331 2564 disparem
356 2487 508 2562 quoque
526 2463 581 2534 rei
602 2465 740 2566 exitum
760 2463 1022 2561 permiserunt.
1041 2463 1146 2534 Anti·

143 2609 308 2684 quorum
324 2596 449 2654 autem
464 2580 636 2654 ulcerum
652 2579 712 2651 vel
726 2582 858 2678 saepius
878 2605 991 2678 quam
1009 2579 1147 2660 scabiei

144 2700 239 2774 lacta
253 2725 276 2772 a
290 2698 454 2772 nobisin
464 2697 584 2770 missis
596 2697 644 2768 ad
658 2711 693 2768 te
705 2696 1031 2781 observationibus
1042 2720 1147 2770 meu·
1218 2755 1220 2759 .

143 2820 196 2890 tio
211 2833 279 2891 est.
297 2821 352 2891 Ex
365 2816 410 2887 iis
423 2815 507 2887 duae
520 2814 592 2912 (a),
612 2839 692 2912 quae
710 2813 757 2888 de
772 2817 1041 2914 expurgatione
1055 2813 1146 2884 dixi·
1176 2897 1178 2900 Ι
1259 2816 1262 2820 ’

145 2961 230 3009 mus
248 2960 319 3035 per
338 2935 501 3006 scabiem
523 2929 618 3006 lacta
643 2932 718 3031 (3),
745 2933 985 3030 peculiariter
1010 2929 1149 3006 confir·

147 3069 262 3148 mant.
292 3057 388 3124 Cum
408 3051 509 3124 enim
531 3051 638 3124 ulcus
658 3050 788 3137 simul,
815 3064 853 3122 et
868 3048 1022 3122 scabies
1041 3074 1151 3121 vexa-

148 3188 254 3258 rent3
271 3169 343 3240 bac
369 3182 636 3258 evanescente,
666 3169 837 3265 quamvis
866 3191 945 3239 non
976 3164 1151 3256 humida,

151 3289 217 3362 sed
238 3289 335 3360 sicca
354 3301 468 3373 esset,
488 3284 582 3357 illud
601 3285 723 3356 multo
741 3285 861 3357 acrius
882 3285 1049 3356 cruciare
1075 3309 1152 3356 coe-
1207 3352 1209 3356 .

153 3408 218 3505 pit.
232 3409 277 3476 Et
295 3404 481 3492 vicissim,
502 3427 588 3474 cnm
604 3403 755 3492 ulcera,
780 3400 942 3499 idfflquod
961 3402 1162 3477 cicatrices>
1185 3443 1193 3466 a,

155 3519 193 3593 in
211 3521 313 3595 tibiis
343 3518 548 3608 docebant,
571 3520 837 3608 evanuissent,
869 3516 976 3590 foedae
996 3518 1154 3618 pustula
1181 3511 1184 3518 ’

195 3805 237 3888 (ι)
257 3802 387 3883 apuu.
400 3807 433 3866 c.
446 3783 555 3878 aaa,
569 3805 606 3863 n.
622 3803 728 3878 aaa,
745 3807 810 3865 oss.
823 3803 873 3864 δι.
909 3843 910 3847 a

142 3981 146 3992 .
197 3906 211 3984 l
228 3904 239 3985 l
260 3905 359 3982 Epist.
374 3923 409 3962 ar
420 3947 429 3977 ,
442 3923 473 3962 n.
486 3906 540 3981 30,
555 3905 690 3982 ctEpist.
706 3913 739 3980 t,
753 3923 784 3962 n.
797 3901 847 3964 3⁵.

202 4004 246 4089 (3)
265 4007 423 4090 Supra,n3
437 4004 466 4064 8.
573 4039 576 4046 -
