2782 4652
285 379 357 472 470
443 395 497 443 ,ru
523 395 670 444 srmuus
693 391 741 440 ur
764 391 889 444 caurus
913 393 1126 442 neruorum.

286 485 451 580 anterior
461 504 572 579 facies
583 509 621 576 in
631 505 755 578 medio
770 521 848 577 erat
859 507 1092 603 inaequaliter
1105 521 1287 592 excavata,

286 624 600 723 idqucaltiuscule
610 623 784 720 :reliquae
799 623 966 694 humoris
975 623 1147 720 ejusdem
1155 639 1288 722 partes,

183 837 185 844 Ι
288 767 503 840 quanquam
517 741 591 812 luci
611 741 783 837 objectae,
794 739 931 810 ssavum
947 743 1145 814 succinum
1156 737 1287 810 refere-

285 859 396 947 bant3
424 873 678 956 sante-proca
704 872 808 930 aetate
841 874 947 928 erant
976 873 1114 928 tamen.
1149 857 1288 928 Iridem

286 999 371 1048 cum
395 977 530 1047 vellem
556 1001 577 1044 a
601 999 737 1046 cornea
760 974 1116 1062 dimoverestotam
1142 971 1288 1048 auferre

197 1161 199 1164 .
285 1118 365 1164 nou
384 1093 510 1190 potui,
533 1113 556 1162 a
580 1092 704 1162 medio
734 1094 955 1190 pracsertim.¹
983 1097 1078 1164 Cum
1110 1094 1214 1162 enim
1243 1091 1288 1162 ab

286 1235 362 1283 una
376 1223 480 1307 parte
497 1207 544 1280 ad
557 1209 723 1280 medium
741 1233 884 1307 usque,
900 1211 976 1280 imo
1003 1209 1101 1280 ultra
1121 1208 1289 1310 medium

290 1351 434 1396 corneae
461 1325 679 1413 adhaereret,
710 1350 897 1422 nusquam
927 1340 1026 1397 arcte
1052 1323 1150 1428 aden
1178 1350 1220 1396 ac
1252 1325 1291 1394 in

287 1439 414 1516 medio
445 1442 677 1532 adhaerebat,
708 1442 775 1514 ubi
803 1443 866 1514 illa
895 1468 1041 1515 corneae
1072 1432 1292 1514 iacicfflcrat

288 1559 506 1657 inaequalis,
526 1559 765 1632 etlameliam
783 1558 946 1644 habebat
966 1561 1074 1657 quasi
1089 1558 1292 1632 abscedere

287 1676 554 1785 incipientcm,
579 1692 615 1750 et
630 1678 837 1764 introrsum
865 1676 1042 1754 nonnihil
1061 1691 1290 1758 exstantem,

287 1817 375 1866 cum
393 1791 505 1866 facies
522 1796 688 1868 exterior
701 1795 932 1882 tarvisesset,
952 1817 1077 1891 neque
1098 1795 1140 1864 in
1159 1791 1290 1865 eadem

253 1903 258 1913 ’
287 1925 422 2010 praeter
438 1912 685 1986 minutissima
698 1912 867 2010 quaedam
881 1897 988 2009 quasi
999 1893 1158 2010 punc-ta,
1170 1935 1288 2008 caque

286 2029 542 2118 subobscura,
555 2031 657 2102 aliud
675 2055 824 2130 possem
842 2029 1151 2105 animadvertere.

312 2183 315 2188 ¹
336 2147 374 2245 33
392 2151 482 2240 Quae
501 2172 587 2220 cum
607 2147 659 2218 ita
675 2173 713 2222 se
731 2148 933 2237 habereut,
944 2174 1017 2222 nec
1031 2148 1116 2220 uliae
1130 2173 1289 2246 usquam

287 2263 325 2332 in
337 2264 520 2360 exteriore
534 2264 640 2354 oculi
652 2262 746 2338 faeie
762 2267 952 2338 cicatrices
969 2266 1292 2362 conspicerentur,

208 2423 218 2432 -
287 2405 367 2480 uon
394 2395 503 2474 secus
526 2397 639 2478 atque
658 2384 697 2454 in
718 2383 836 2454 altero
856 2407 970 2480 quem
991 2382 1292 2456 transumens

293 2497 426 2584 incidit
444 2497 538 2573 Piid.
562 2504 673 2590 Cous.
704 2500 894 2578 Fabricius
921 2501 993 2597 gr),
1020 2499 1091 2576 alia
1118 2501 1291 2597 quidem,

287 2614 399 2714 digna
415 2641 497 2714 quae
516 2641 537 2688 a
559 2631 596 2690 te
614 2617 803 2715 legantur,
830 2616 1107 2705 habentersed
1133 2619 1176 2690 iu
1210 2618 1292 2690 sede

288 2736 537 2810 excandens
547 2733 725 2806 ‘humoris
742 2717 945 2832 crystallini
964 2759 1050 2806 cum
1066 2734 1141 2806 hoc
1161 2751 1293 2806 nostro

249 2851 251 2863 '
287 2853 534 2927 conveniente
546 2877 649 2942 mon
665 2849 881 2934 itadifficile
900 2851 995 2924 mihi
1006 2867 1086 2924 erat
1101 2852 1195 2932 vitia
1215 2877 1294 2950 quae

288 2966 488 3066 descripsi,
509 2971 635 3046 omnia
654 2969 700 3042 ad
725 2949 960 3058 interiorem,
981 2995 1064 3067 quae
1085 2969 1179 3044 olim
1201 2995 1291 3068 prae-

285 3086 478 3176 cessisset,
501 3109 668 3174 causam,
697 3087 773 3158 sive
791 3112 835 3158 ea
865 3087 1111 3162 inflammatio
1142 3085 1290 3175 fuisset,

288 3199 365 3284 sive
393 3201 657 3294 alia,.referre.
690 3206 829 3276 Contra
852 3203 892 3276 iu
918 3205 1029 3278 oculo
1052 3225 1168 3301 quem
1193 3229 1289 3274 anno

286 3317 502 3417 insequenti
530 3322 672 3419 pariter
698 3321 738 3395 in
767 3325 961 3420 gymnasio
998 3323 1118 3410 secui,
1155 3345 1289 3420 anceps

284 3431 396 3526 hacsi,
416 3463 463 3508 an
484 3440 610 3510 omnia
627 3465 709 3536 quae
728 3442 910 3512 continuo
938 3438 1079 3528 dicam,
1104 3437 1286 3535 ejusmodi

289 3549 406 3626 cairsae
425 3571 548 3628 esseut
560 3547 788 3656 imputanda.
944 3557 946 3564 ⁸

285 3767 708 3793 m.

325 3921 369 4000 (1)
388 3927 492 4002 Progr.
506 3945 566 4004 quo
581 3927 646 3985 obs.
661 3924 739 3986 anat.
756 3943 881 4000 recens,
898 3946 978 3986 anno
998 3925 1084 4000 1754.
