2824 4652
118 447 230 502 usn
241 446 476 500 ostensurus
484 439 609 498 sunts-
621 442 1031 499 suasuronutmsrzsxn
1049 421 1122 525 551·

116 559 273 662 patinis,
300 561 577 648 verumetiam,
599 557 716 657 idque
733 545 957 658 prasertim,
970 559 1019 633 de
1039 540 1138 657 cyse
1221 647 1224 654 ,

113 682 218 768 titis,
235 701 423 778 perpauca
434 693 577 752 restant
594 701 676 775 quae
691 699 795 753 nuno
814 673 974 766 addam,
991 693 1030 751 et
1043 679 1124 776 pria

115 821 225 870 mum
252 795 407 895 quidem
426 821 472 869 ex
494 795 675 895 epistola,
697 819 782 894 quae
812 793 907 869 forte
936 819 1059 894 nuper
1082 796 1125 868 in

119 935 263 995 manus
280 911 415 1002 rediit,
433 913 551 986 missa
560 926 647 986 aute
670 913 810 986 multos
833 932 953 987 annos
965 911 1014 984 ab
1040 937 1121 986 non

116 1025 280 1128 ignobili
298 1028 465 1119 medice,
480 1030 545 1127 qui
560 1048 666 1106 meus
686 1029 778 1102 olim
798 1045 1031 1130 perattentus
1053 1055 1124 1103 au-

120 1146 225 1220 ditor
245 1143 374 1218 fuerat.
397 1147 457 1219 Sic
476 1159 602 1220 autem
624 1145 815 1220 scribebat
839 1171 926 1246 quae-
939 1149 1020 1247 ipse
1037 1163 1121 1222 tum

115 1262 275 1338 viderat.
1063 1295 1066 1300 ·

174 1379 228 1454 13.
253 1384 373 1453 Senex
392 1381 460 1479 qui
477 1379 524 1452 ad
542 1403 684 1457 annum
696 1403 825 1479 usque
845 1383 1125 1482 sexagesimum·

115 1511 263 1571 sextum
292 1498 372 1570 sine
404 1497 483 1570 ullo
515 1497 674 1572 notabili
703 1497 840 1574 morbo
876 1512 1118 1595 pervenerat,

35 1613 41 1622 '
115 1611 309 1714 gravibus·
324 1613 372 1686 ad
397 1615 649 1688 ventriculum
670 1614 899 1688 eruciatibus
921 1631 1121 1716 correptus
1182 1661 1184 1669 ι

113 1747 172 1806 est
187 1757 274 1806 oum
292 1731 452 1816 biliuso‚
469 1747 506 1804 et
520 1733 674 1832 copioso
686 1725 854 1820 vomitu,
874 1731 947 1804 alvi
963 1734 1121 1808 austrie--

113 1852 219 1936 tione
230 1904 240 1938 ,
253 1863 290 1922 et
300 1847 397 1922 febri
408 1873 487 1924 non
497 1848 603 1922 valde
615 1863 737 1922 acuta.
746 1849 915 1922 Medicus
926 1847 1012 1922 oleo
1030 1849 1119 1927 dato

114 1991 162 2040 ex
190 1965 367 2040 dulcibus
380 1963 584 2065 amygdalis
599 1989 732 2040 recens
755 1989 955 2066 expresso,
969 1967 1119 2063 alioque

112 2083 245 2181 aliquo
269 2083 438 2156 remedio
467 2081 675 2180 ejusmodi,
690 2083 868 2162 morbum
884 2081 1039 2171 levavit,
1054 2083 1122 2154 sed

113 2221 196 2272 non
206 2201 374 2290 sustulit,
403 2199 601 2274 doloribus
612 2191 822 2274 identidem
847 2199 1097 2274 redeuntibus
1107 2226 1124 2288 3¹

113 2317 239 2389 donee
255 2317 405 2392 duabus
420 2320 617 2418 magnesiae
632 2316 822 2394 drachmis
838 2321 878 2390 in
899 2338 1010 2394 usum
1027 2331 1122 2389 trac·

114 2436 166 2506 tis
193 2435 293 2506 visus
312 2435 393 2507 sibi·
413 2459 510 2534 aeger
526 2449 582 2510 est
607 2453 837 2536 persanatus.
869 2433 957 2517 Sed,
987 2448 1122 2508 eontra

116 2549 256 2621 medici
278 2552 475 2624 eonsilium
489 2603 501 2640 ,
516 2577 603 2626 cum
620 2553 667 2625 ad
684 2555 830 2652 priores
847 2577 971 2641 curas,
998 2549 1119 2624 cibos·

117 2689 194 2764 que
215 2665 425 2741 insalubres
450 2693 621 2744 reversus
652 2685 766 2761 esset,
791 2671 942 2749 dolores
965 2691 1124 2772 quoque

117 2785 258 2856 reversi
277 2798 388 2872 sunt3
413 2787 630 2860 citoautem
656 2786 779 2860 abacti
808 2787 1005 2886 magnesia
1035 2783 1118 2876 usu.

115 2905 321 2998 Progressu
361 2903 503 2975 interea
542 2903 688 2980 dierum
723 2904 872 2977 medico
905 2901 1117 3004 displicuit,

117 3003 270 3118 pulsum
284 3041 441 3116 parvum
456 3043 534 3094 esse
554 3017 716 3110 factum,
735 3045 807 3094 nec
822 3023 903 3094 siue
926 3021 1051 3117 aliqua
1064 3019 1121 3090 iu·

117 3137 372 3222 termissione,
384 3138 594 3235 appetitum
608 3127 780 3215 ciborum
800 3137 1033 3225 decrescere,
1054 3133 1121 3208 sed

118 3253 304 3352 praecipue
325 3251 470 3351 aliquot
498 3254 704 3352 interjectis
738 3254 872 3331 diebus
902 3277 971 3352 per
994 3254 1121 3324 alvum

118 3369 461 3470 nigerrimareddi·‚·
483 3385 602 3444 atram
626 3375 870 3470 antiquorum
887 3371 1002 3444 bilem
1023 3367 1129 3442 retes

118 3488 250 3560 sentia.
269 3488 444 3586 Denique
465 3512 551 3560 cum
572 3491 830 3588 gravissimum
847 3489 1047 3586 ingruisset
1062 3479 1146 3570 dea,

119 3603 301 3702 liquiurn‚
319 3617 356 3678 et
369 3617 457 3679 mox
481 3605 670 3698 desiisset,
688 3605 919 3679 subdelirare
936 3624 1033 3702 ager
1052 3625 1129 3674 coe-
1231 3699 1233 3704 ,
1302 3643 1308 3657 κ

121 3723 197 3822 pit3
217 3735 254 3794 et
270 3720 318 3794 de
334 3721 577 3794 acerbissimo
600 3725 731 3824 capitis
750 3722 881 3796 dolore
907 3719 1026 3820 queri.
1052 3721 1125 3790 Ita-

121 3863 195 3937 que
219 3853 306 3938 post
319 3838 398 3912 dies
410 3855 555 3938 septem
574 3865 644 3938 per
662 3839 922 3937 haeqexactos,
947 3861 1024 3908 non
1040 3837 1125 3908 'sine

108 3950 1134 4063 .pulsusintermissione,etmagnasiriuminfirmitate,
1157 4050 1162 4062 .
