2782 4652
142 449 1017 506 1.ru.v.nnunrttutsanutnsurnnlott.sersus.
1045 435 1111 518 411
1216 514 1219 528 ι

118 569 303 648 movendi
347 569 525 648 retineret
563 567 772 652 indicium,
821 569 958 664 vixque
988 569 1120 641 oculos

116 689 327 787 aperuerit,
352 685 444 760 dum
461 684 598 784 plantis
615 684 820 758 candentes
832 684 979 756 laminae
999 684 1046 759 ad
1063 711 1121 757 exa

120 804 316 880 citandum
338 803 624 890 adhiberentur,
655 802 721 880 sed
736 799 889 887 frustra,
914 791 1003 878 mox
1018 805 1119 876 enim

118 925 262 1002 clausit.
272 921 458 1010 Cadaver,
474 921 505 993 si
519 944 606 998 erus
617 920 776 996 alterum
787 923 977 1018 exciperes
992 921 1119 994 ulcere

118 1039 396 1127 deformatum,
434 1038 531 1114 nihil
549 1039 714 1114 exterius
732 1037 836 1135 quod
855 1036 1017 1110 docendi
1035 1041 1121 1110 usui

119 1173 381 1257 repugnaret,
397 1179 557 1253 usquam
568 1154 790 1230 ostendebat
807 1182 815 1225 :
834 1155 946 1228 sedet
962 1155 1120 1226 interius

1 1372 2 1377 Ἰ
117 1277 179 1346 vix
197 1274 341 1372 aliquid
369 1275 409 1344 in
426 1275 471 1346 iis
490 1296 583 1370 quas
601 1272 850 1369 perlustravi,
881 1271 1051 1370 partibus
1071 1271 1120 1347 ab

1 1474 3 1483 ,
117 1409 261 1466 naturae
283 1416 416 1467 norma
439 1389 603 1480 alienum
623 1388 774 1462 offendi.
811 1393 856 1464 In
880 1393 1119 1462 aortae'enim

1 1610 3 1613 y
117 1526 257 1584 trunco
283 1509 351 1607 qui
370 1533 438 1606 per
456 1523 625 1583 ventrem
645 1505 857 1594 deseendit,
889 1507 989 1592 leves
1018 1509 1120 1580 intus

117 1627 258 1700 alicubi
276 1641 383 1699 erant
397 1620 606 1712 albedines,
627 1649 709 1722 quae
728 1622 871 1698 futuras
889 1626 978 1696 olim
995 1649 1119 1698 osseas

118 1769 294 1843 squamas
313 1741 548 1817 indicabant:
576 1767 737 1840 quarum
760 1767 835 1816 uua
851 1743 926 1838 jam
947 1757 1040 1831 erat,
1055 1741 1120 1814 sed

1 1932 5 1962 ἱ
121 1887 248 1961 parvm
267 1861 371 1958 Tuba
386 1859 612 1957 fallnppiana
623 1860 771 1932 sinistra
787 1859 912 1938 medio
925 1861 964 1930 in
985 1861 1119 1930 itinere

1 1966 2 1971 ἵ
119 2005 208 2052 cum
223 1994 317 2052 teste
328 1979 561 2052 cohaerebat:
589 1977 651 2050 hic
672 1993 767 2064 erat,
781 1980 819 2050 ‘si
848 1998 935 2049 curn
965 1975 1119 2050 dexteru

119 2095 331 2182 conferres,
349 2097 492 2178 minor,
512 2080 740 2192 paucosque¹
754 2097 855 2176 intus
882 2091 1044 2166 habebat
1068 2093 1122 2164 al-

0 2313 3 2326 .
119 2213 408 2312 bosglpbulos,
427 2237 721 2310 quorumunum
738 2211 941 2300 dissecans,
960 2237 1005 2292 ex
1022 2236 1122 2282 com-

0 2417 1 2422 ,
119 2347 232 2430 pacta
250 2331 457 2404 substantia
474 2327 611 2407 facturn
628 2331 723 2418 vidi,
751 2329 798 2402 ad
827 2346 1000 2405 caunum
1019 2346 1118 2400 cava.

1 2436 6 2528 ⁵,
118 2457 169 2523 At
190 2448 336 2534 dexter,
366 2450 474 2546 cujus
494 2447 719 2546 magnitude
740 2447 801 2520 vel
820 2448 962 2544 juninri
984 2471 1122 2520 conve·
1147 2452 1150 2458 ’

120 2569 240 2655 niret,
258 2567 381 2644 nullus
399 2567 592 2666 globulos,
605 2565 786 2639 vesiculas
803 2564 925 2638 nullas
951 2569 1121 2637 eontine-

1 2677 4 2771 J
119 2685 204 2772 bat,
220 2683 415 2782 superficie
438 2700 564 2758 tamen
588 2697 666 2770 erat
691 2682 889 2770 tuberosa,
911 2697 964 2768 et,
989 2685 1018 2756 si
1035 2705 1123 2754 oeu-

120 2803 180 2874 los
194 2799 397 2899 deligeres,
419 2813 498 2876 non
524 2801 604 2874 sine
638 2801 935 2879 cicatricularum
962 2798 1120 2872 indiciis.

1 2996 3 3027 ζ
120 2919 222 2994 Illud
240 2944 398 3017 quoque
408 2921 446 2991 in
464 2917 580 3015 hujus
595 2917 787 2990 cadaveris
804 2917 1026 2990 dissectione
1048 2918 1125 2988 ani-

1 3115 2 3118 ,
117 3032 362 3113 madversum
397 3053 473 3122 est,
505 3034 743 3108 membranas
776 3035 913 3134 passim
948 3035 1124 3134 scalpello

124 3157 246 3253 magis
257 3169 603 3252 qrramaequumest,
616 3153 972 3252 etsipinguedonon
985 3153 1125 3242 deerat,

123 3271 239 3348 fuisse
278 3273 500 3347 resistentes.
540 3271 717 3345 'Calvaria
753 3271 920 3370 denique
959 3272 1125 3358 reclusa,

123 3389 363 3464 omniaiutra
380 3388 478 3462 hanc
491 3412 592 3474 vasa,
610 3413 663 3460 ue
678 3387 851 3486 plexibus
871 3388 1025 3486 quidem
1041 3384 1142 3458 chu'

123 3505 296 3582 roidibln
307 3509 488 3604 exceptis,
501 3507 629 3578 inveni
643 3508 824 3603 sanguine
837 3507 1036 3604 turgentia.
1052 3503 1125 3574 Sed
1151 3497 1155 3503 ’

124 3639 261 3723 praeter
276 3649 381 3720 aquae
391 3623 649 3726 pauxillumin
666 3623 885 3698 ventriculis
896 3618 1126 3707 lateralibus,

124 3741 223 3814 nihil
248 3765 406 3838 usquam
433 3741 513 3813 vitii
540 3743 579 3812 in
609 3739 791 3828 cerebro,
819 3736 1030 3824 cerebellO,
1054 3760 1128 3808 me·

124 3857 230 3934 dulla
266 3858 495 3956 oblongata,
528 3881 836 3956 quoquoversum
872 3851 1121 3953 persecando,

126 3977 238 4078 potui
257 3975 552 4076 deprehendere.
