2700 4660
104 423 177 473 mn.
194 423 244 470 iv.
259 421 306 472 uu
320 419 456 468 nonius
467 416 664 482 cursuum,
679 405 749 466 etc.
761 417 878 468 nrrsr.
890 419 961 468 mx.
991 422 1058 498 271

54 557 120 612 tur
137 540 202 611 itte
221 533 418 621 arbitrari,
443 557 514 604 nee
536 548 636 605 certe
658 534 697 603 in
726 550 856 605 nostro
885 560 1065 635 aueurys-

55 657 169 728 matis
184 653 399 752 incipientis
419 651 543 748 signa,
561 651 633 722 nisi
647 665 732 748 post
742 651 892 748 plures,
912 669 953 724 ut
969 653 1064 746 dixi,

55 797 182 844 annos
209 795 247 844 se
265 768 537 854 ostenderunt,
559 781 601 838 ut
625 769 659 862 si
672 767 731 839 vel
750 792 770 838 a
786 771 1066 842 constrictioni-

55 891 129 962 bus
158 913 243 986 quae
268 887 431 970 doloris,
467 899 504 955 et
527 885 677 982 angoris
702 899 872 983 tempore
899 884 1066 986 contige·

56 1009 157 1095 rint,
172 1007 333 1104 primam
347 1002 521 1074 habuisse
539 1003 723 1100 originem
744 1005 964 1102 suspiceris;
994 1031 1066 1104 pro

58 1125 200 1196 veneni
234 1139 360 1195 tamen
390 1119 533 1192 indicio
563 1119 825 1220 accipiendum
852 1122 890 1194 id
914 1141 1069 1196 conten·
1112 1114 1135 1152 ‘'

59 1243 152 1316 dere
167 1267 248 1313 non
261 1240 381 1339 possis
395 1237 499 1336 quod
518 1263 539 1310 a
558 1251 615 1310 tut
628 1239 709 1310 aliis
724 1242 845 1312 causis
859 1255 935 1329 tam
954 1243 1069 1342 longo
1152 1315 1157 1328 x

61 1361 246 1459 temporis
269 1357 467 1429 intervallo
486 1353 626 1430 sactum
656 1381 753 1446 esse,
779 1362 900 1431 caeteri
931 1375 1071 1457 queant

60 1479 285 1551 existimare.
303 1475 415 1566 Quod
433 1499 523 1546 vero
537 1473 584 1546 ad
600 1476 822 1573 sanguinem
834 1477 967 1548 attinet
987 1493 1070 1548 tum

58 1600 99 1668 in
116 1597 223 1668 venis
236 1609 332 1683 ,tum
347 1593 387 1664 in
407 1590 521 1664 corde
541 1593 624 1692 ipso
640 1608 860 1664 concretum
872 1619 881 1682 ;
893 1619 972 1696 uon
982 1607 1069 1670 raro

59 1714 97 1786 id
122 1713 194 1786 tibi
216 1713 256 1783 in
279 1709 522 1782 cadaveribus
552 1733 686 1782 eorum
716 1711 914 1784 inventum
940 1713 1073 1785 retuli-

60 1857 147 1904 mus
166 1855 263 1930 quos
284 1853 412 1916 eausa,
425 1828 538 1927 lunge
559 1827 630 1898 alia
650 1853 692 1899 ac
704 1853 916 1917 venenum,
934 1831 1072 1904 intere-

61 1965 200 2038 merat,
214 1963 257 2020 ut
270 1949 300 2019 si
316 1971 336 2016 a
356 1961 538 2017 concreto
555 1946 657 2017 intus
672 1946 875 2043 sanguiue,
891 1947 1071 2045 quemad.

61 2067 220 2140 modum
262 2066 301 2136 in
336 2063 507 2159 subjecto
540 2061 687 2134 scholio
715 2064 917 2159 conjicitur
939 2115 965 2153 ,-
994 2064 1068 2136 iae·

62 2203 143 2259 tum
183 2199 299 2272 esset,
335 2203 473 2254 necor
502 2181 718 2252 Germanici
743 2179 798 2276 (1)
819 2179 1065 2254 comburere·

64 2320 151 2388 tur;
192 2300 447 2398 complurium
488 2322 641 2395 quoque
678 2298 837 2370 aliorum
872 2299 986 2371 corda
1027 2301 1067 2372 iu

61 2420 204 2520 quibus
220 2419 323 2489 nulla
350 2433 429 2488 esse
449 2416 588 2488 veneni
613 2417 776 2514 suspicio
806 2434 952 2516 posset,
980 2419 1068 2516 igne

62 2539 213 2612 absumi
233 2536 462 2632 nequissent.
483 2531 612 2622 Quid?
654 2534 685 2603 si
710 2532 786 2604 huc
821 2533 915 2606 illud
954 2535 1068 2608 addas

62 2655 168 2756 quod
191 2653 433 2727 solertissimo
452 2649 600 2722 Meadio
628 2648 685 2746 (2)
705 2649 846 2746 placet,
862 2675 1007 2722 venena
1029 2653 1068 2722 in

60 2797 201 2847 nervos
210 2773 407 2870 praecipue,
417 2769 549 2840 nonin
565 2768 803 2871 sanguinem,
818 2792 946 2864 agere3
959 2795 979 2839 a
992 2795 1068 2866 qua
1111 2842 1114 2855 ,
1150 2867 1153 2871 ¹

62 2893 248 2966 sententia
268 2913 346 2960 non
363 2885 604 2960 abhorruisse
625 2883 774 2954 videtur
791 2884 980 2958 Harderus
996 2889 1066 2986 (3):

62 3035 134 3084 nec
146 3033 235 3083 sane
249 3003 531 3105 dequibusdam
548 3003 701 3074 venenis
715 3025 852 3102 negare
869 3003 908 3075 id
923 3020 1066 3102 potest,

63 3146 105 3200 ut
120 3142 214 3226 puta
230 3149 312 3223 quae
330 3123 430 3193 illico
450 3122 699 3209 interimunt,
725 3122 837 3218 quale
855 3121 1069 3198 Vibulenus

63 3246 231 3346 Agrippa
243 3241 342 3341 (4)ιή
359 3246 442 3338 ipsa
456 3241 567 3310 Curia
579 3237 676 3334 (non
690 3261 736 3310 ex
747 3236 908 3328 annulo,
926 3245 1070 3316 11th-

871 3563 883 3594 N

111 3960 153 4042 (4)
174 3962 270 4020 Tacit.
276 3959 383 4057 uunnl.
397 3959 416 4016 l.
434 3956 462 4014 5.
