2732 4654
122 457 243 510 nutv.
260 458 305 508 ue
316 454 452 507 nonus
465 449 662 526 oenone„
679 445 746 508 eto.
762 456 872 510 enisu.
890 461 962 510 ux.
990 438 1062 539 339

77 597 177 648 eausa
193 577 233 646 in·
253 589 431 645 venatore
451 595 564 670 quem
587 577 804 646 Sommetui
824 576 882 674 (1)
908 583 1067 670 curavit,

77 691 221 764 effectus
236 692 321 764 fuit:
337 697 433 763 Cum
454 691 555 762 enim
575 689 664 764 bina
684 693 801 791 digito
820 717 840 765 a
858 697 985 794 vipera
1008 701 1066 769 in-

77 809 165 882 tlicta
178 809 398 882 vulnuscula
415 809 486 882 sibi
511 811 687 898 suxisset;
708 825 874 886 actutum
892 819 1069 888 intumuit

77 927 193 1024 lingua
205 951 311 1026 aeque
327 949 373 999 ac
387 934 421 998 ti
432 944 589 1025 pomum
611 934 649 998 in
662 951 728 998 ore
743 943 887 1006 teneret
907 934 1026 1004 euml
1051 973 1065 989 -
1094 995 1099 1006 .

77 1046 187 1142 queltt·
212 1063 250 1117 et
280 1045 533 1143 deglutitione&
558 1043 836 1145 impedimento,
866 1049 1065 1122 obnubila-

76 1169 165 1233 tione
186 1169 307 1251 visat,
333 1168 468 1260 capitis
489 1176 653 1249 tumore,
684 1175 722 1235 et
741 1163 952 1260 gravedine.
986 1160 1064 1240 Nec

77 1297 155 1348 vero
167 1281 254 1377 quia
272 1279 379 1351 Rodii
388 1280 643 1376 conjecturam
655 1281 881 1377 protulimus
892 1282 963 1379 (o),
975 1285 1066 1380 ejuu

60 1398 168 1495 ¹nodi
188 1412 392 1469 eventuum
414 1415 563 1468 causatu
583 1399 621 1466 in
638 1397 843 1494 quodpiam
857 1401 932 1482 oris
946 1401 1067 1473 ulcus·

73 1513 191 1586 culum
221 1515 443 1610 rejicien'tis3
470 1515 653 1586 continuo
691 1515 840 1604 credas,
878 1541 1066 1589 venenum

75 1631 209 1706 hiantes
224 1634 264 1703 in
283 1633 482 1704 ulcusculo
495 1654 608 1703 venas
628 1631 803 1720 subiisse3
815 1634 854 1703 iri
870 1633 944 1706 hoc
963 1638 1065 1708 enim

75 1773 146 1821 non
163 1751 317 1822 venulas
331 1751 473 1838 solum,
500 1749 566 1821 sed
587 1763 623 1822 et
645 1751 821 1824 nervulos
839 1753 987 1847 injuriis
1003 1779 1066 1825 ve·

74 1869 153 1938 neni
170 1881 319 1966 patere,
336 1868 498 1939 vicissim
519 1867 644 1938 dicere
655 1877 809 1965 possent
825 1869 879 1938 illi
897 1871 1065 1968 quicum

73 1984 207 2058 Meadio
223 1988 401 2059 sentiunt.
422 1991 468 2056 Et
486 2009 534 2056 ne
554 1985 764 2062 sectionem
789 1987 928 2085 magis,
950 2007 1065 2085 quani

72 2117 231 2175 tuotsum
256 2101 405 2200 culpes3
426 2102 486 2171 vel
510 2101 611 2199 apud
627 2103 853 2174 Parisienses
870 2103 953 2202 iege
971 2107 1065 2203 quid

72 2220 181 2320 Anglo
201 2221 257 2292 itti
272 2219 449 2292 acciderit
466 2221 532 2318 qui
553 2221 592 2292 in
615 2243 653 2293 se
668 2222 878 2319 periculum
895 2221 978 2296 fieri
1000 2245 1068 2296 vo·

72 2335 133 2408 tuit
157 2361 306 2410 morsus
334 2337 505 2435 viperini.
536 2337 683 2409 Sciiicet
706 2337 920 2412 ademorta
951 2331 1067 2412 titanu

71 2455 250 2528 violentus
264 2455 375 2527 doio?
392 2477 459 2552 per
480 2469 600 2526 totum
624 2455 813 2552 reliquunt
833 2459 1068 2555 superiorein

71 2585 183 2644 ertum
200 2589 240 2645 se
256 2570 474 2643 extenderat
490 2572 636 2660 statim,
657 2573 716 2643 vel
738 2574 841 2670 prius
868 2597 981 2670 quam
1012 2578 1068 2644 vi·

71 2713 153 2785 pera
176 2689 354 2760 mordere
364 2688 543 2759 desiisset.
563 2693 684 2786 Atque
697 2703 738 2758 ut
756 2689 940 2786 intelligas
959 2689 1067 2760 dolo·

69 2809 301 2906 temnentis,
320 2824 399 2876 non
418 2822 460 2878 ut
479 2805 703 2894 vulneratis,
717 2803 780 2876 sed
793 2820 833 2875 ut
847 2823 995 2878 veneno
1013 2809 1068 2878 in·

71 2921 183 3010 sectis,
198 2949 281 2998 esse
297 2923 559 3022 imputandum
575 2977 584 3012 ‚
603 2920 711 2994 faciet
722 2920 999 3020 quodMeadius
1011 2924 1067 3022 (3)

70 3055 106 3112 nt
122 3042 400 3114 memorabilem
428 3039 641 3129 adnotavit,
658 3058 800 3138 parum
826 3041 984 3112 latrasse
1006 3067 1068 3112 oa-

70 3179 166 3246 oem,
191 3159 285 3230 dum
309 3157 448 3231 vulnus
467 3179 536 3229 acu
556 3155 737 3255 chelybea
759 3171 867 3232 acuta
884 3155 1004 3228 forma
1022 3163 1069 3231 si·

71 3277 143 3346 miii
156 3277 321 3375 viperini
335 3276 479 3364 dentis,
506 3277 759 3373 infligebatur,
779 3291 821 3345 at
833 3299 978 3348 veneno
998 3282 1067 3375 per'

71 3393 235 3466 eamdem
262 3417 372 3465 acum
391 3397 551 3464 immisso
579 3407 657 3464 tum
685 3415 777 3464 vero
797 3391 969 3464 ululasse.
995 3393 1068 3465 Sed
1133 3382 1137 3394 ¹

71 3527 197 3607 praeter
228 3511 484 3600 celerrimam,
520 3511 650 3582 saltem
681 3508 904 3606 aliquando,
930 3512 1069 3580 veneni

106 3808 149 3887 (1)
168 3811 246 3886 Eph.
257 3812 338 3868 tte.
351 3811 414 3870 dee.
427 3813 459 3883 3,
473 3811 510 3867 A.
522 3811 554 3884 3,
569 3811 633 3868 obs.
649 3807 713 3868 152.

79 3975 84 3992 ι
108 3907 148 3988 (2)
168 3913 208 3967 N.
231 3911 260 3966 3.

108 4009 150 4086 (3)
171 4011 259 4068 Teut.
277 4029 309 4082 1,
326 4007 375 4066 cit.
