2732 4654
161 435 228 484 tm.
243 436 293 484 ιν.
309 416 799 497 unuoustscn1nuuc.,etc.
819 431 931 481 muse.
948 433 1019 481 mx.
1047 409 1119 510 329

114 567 214 640 sent,
230 549 483 622 nihilominus
511 549 654 620 mortui
677 548 772 637 siut,
797 564 841 619 ut
863 549 1026 622 AElianus
1050 549 1121 646 (ι),

110 667 419 770 Μετὶὴίοἰιιψ),
438 675 476 740 et'
493 669 649 738 Amatus
665 668 867 738 Lusitanus
881 665 939 762 (3)
960 669 1120 765 scripse-

109 801 218 874 runt,
250 785 349 857 hanc
369 784 588 884 ponendam
618 809 697 857 esse
730 785 894 882 conjecit
918 785 994 883 (Δ),
1014 785 1120 883 quod

110 927 154 974 os
165 883 216 972 illi
238 902 423 974 haberent
442 879 599 974 furtasse
627 893 827 973 uleusculo
855 905 1035 1000 quopiam
1055 902 1119 976 lae·

110 1023 265 1092 sum.Hi
282 1036 426 1109 tamen,
446 1017 585 1118 aliique
600 1018 698 1090 infra
713 1019 770 1118 (5)
793 1020 1120 1094 commemorandi
1183 1035 1184 1044 ’

107 1157 264 1211 eventus
284 1138 458 1211 homines
475 1153 635 1225 terrent,
655 1137 747 1208 dum
771 1163 850 1236 quo
872 1139 1001 1226 alicui,
1023 1165 1121 1237 quu-

92 1237 270 1355 'cumque
293 1255 406 1329 fuerit
429 1281 557 1345 causa,
574 1255 724 1344 accidit,
750 1255 852 1327 idem
875 1255 947 1328 sibi
962 1281 1119 1359 quoque

105 1375 277 1450 accidere
296 1401 424 1474 posse,
444 1378 597 1464 timent,
621 1376 647 1444 ii
667 1377 875 1473 praesertim
900 1378 1039 1476 quibus
1063 1393 1120 1452 est

107 1493 345 1592 gingivarum
365 1495 494 1587 lapitas
509 1509 573 1564 aut
587 1492 824 1604 scorbutiea‚
843 1511 909 1583 aut
929 1495 977 1570 ad
996 1499 1117 1595 ipsam

104 1611 289 1684 accedeus
301 1611 456 1709 quaudo
467 1611 690 1683 Matthiolus
705 1610 759 1706 (6)
779 1613 840 1686 uel
857 1615 937 1686 siue
954 1614 1026 1688 hac
1041 1615 1118 1688 ani-

102 1729 329 1817 madvertit,
352 1733 596 1830 sauguinem,
615 1755 636 1801 a
651 1731 760 1822 fonti
775 1733 855 1830 ipsi
871 1739 1118 1828 sucu'ouefa-

105 1848 214 1920 cilee
230 1853 381 1946 gingivis
397 1873 563 1920 inuitare.
582 1853 742 1924 Terrent
764 1852 875 1922 etiam
893 1853 1037 1922 monita
1053 1853 1117 1924 illa

104 1965 182 2037 alia
204 1991 282 2066 que
309 1967 481 2065 plerique
499 1991 632 2040 eorum
652 1992 750 2066 quos
767 1967 931 2067 probare
953 1967 1116 2042 diximus
1171 2021 1175 2031 ·

53 2183 57 2190 ι
102 2087 330 2172 suctiontm,
343 2085 567 2182 astipulante
586 2111 741 2184 quoque
762 2087 953 2160 Aviceuna
967 2084 1041 2182 (7),
1058 2088 1117 2156 in-

102 2205 323 2292 culcarunt,
343 2228 392 2275 ne
413 2225 550 2302 sugens
576 2205 622 2276 sit
644 2207 811 2302 jejunus,
837 2220 956 2302 utque
984 2205 1114 2277 inore

102 2321 247 2394 colluto
268 2322 394 2394 oleum
413 2336 557 2409 teneat,
575 2339 611 2394 et
624 2323 729 2420 quod
743 2323 909 2410 exsuxit,
929 2325 1113 2396 contiuuo

104 2453 274 2538 exspuat.
299 2440 387 2528 Quae
418 2440 561 2514 monita
590 2465 635 2511 eo
663 2443 782 2539 magis
809 2451 972 2528 terrent,
1006 2439 1113 2537 quod

100 2557 344 2632 doctissimus
361 2557 626 2657 ipseMeadius
646 2559 701 2656 (8)
719 2558 851 2631 eadem
868 2556 985 2629 ferme
999 2583 1112 2660 'com-

100 2673 278 2763 mendat‚
301 2678 449 2749 tametsi
467 2675 507 2747 id
530 2701 575 2748 eo
603 2675 722 2763 dicat,
748 2701 795 2746 ne
816 2681 954 2747 veneni
973 2665 1113 2747 acredo
1180 2715 1184 2720 ·

97 2794 307 2888 inflammet
338 2783 464 2882 iabiu,
502 2793 742 2891 linguamque
769 2793 1007 2889 exsugeutis;
1036 2797 1109 2864 nec

96 2901 309 2998 immerito,
338 2910 491 3008 quaudo
516 2937 614 3016 cuni(
638 2911 719 2984 aliis
754 2913 893 3009 viperae
914 2933 1106 2984 venenum

134 3280 146 3354 (
150 3278 181 3359 1)
202 3285 248 3340 De
264 3285 340 3342 Hist.
356 3267 475 3344 animal.
492 3289 513 3344 1.
527 3308 561 3363 9,
575 3307 601 3346 e.
615 3287 664 3346 62.

135 3381 183 3459 (α)
206 3386 372 3442 Comment.
386 3387 419 3442 in
430 3388 567 3446 Dioscor.
581 3391 601 3447 1.
615 3389 651 3464 6,
666 3409 692 3446 c.
705 3397 754 3460 (ο.

132 3482 180 3560 (3)
203 3485 287 3542 Ceut.
303 3487 319 3542 3
334 3498 428 3544 curat.
444 3490 521 3548 med.
539 3496 586 3558 14.
634 3467 639 3478 Ι

136 3583 180 3664 (4)
203 3587 322 3644 Osserv.
339 3587 390 3644 eit.

136 3683 179 3762 (5)
201 3687 241 3743 N.
264 3687 312 3743 33.

136 3786 181 3864 (6)
201 3787 251 3842 Au
268 3807 295 3843 c.
313 3795 352 3856 40
367 3769 418 3845 ui.

138 3887 181 3964 (7)
203 3888 319 3943 Canon.
337 3890 358 3945 l.
376 3897 410 3962 4,
423 3889 444 3948 f.
461 3889 494 3962 6,
512 3899 551 3948 tr.
566 3890 600 3967 3,
617 3909 645 3948 c.
661 3909 688 3949 ι.
755 3901 759 3912 “

133 3987 175 4068 (8)
197 3990 285 4046 Tent.
304 4009 337 4064 1,
350 3989 399 4048 cit.
