2746 4662
299 439 367 516 138
463 465 511 514 nn
531 437 684 516 vsnnrn'ns
707 465 752 513 nr
777 462 903 514 oansrs
927 463 1139 514 nonnonnn
1232 489 1235 496 «

295 580 433 665 cruris,
449 579 524 676 jam
543 569 702 664 olim‘ab
719 581 946 678 Hippocrate
957 579 1017 678 (r)
1032 583 1218 680 scriptum
1228 596 1299 654 est:

294 721 413 795 eaque
429 697 570 767 luxatio
599 693 814 768 breviorem
839 697 971 795 utique
1001 711 1124 770 artum
1146 695 1301 788 fuceret3

295 813 482 913 siquando
513 814 563 884 ita
586 811 916 912 disjungerentur,
945 830 988 887 ut
1013 816 1222 915 astragalus
1246 841 1300 888 as·
1356 856 1357 916 3

295 931 473 1007 uenderet
492 932 592 1004 inter
614 947 817 1031 utrumque
834 962 842 1004 :
862 933 966 1032 quod
984 949 1111 1008 tamen
1127 933 1299 1006 fierinon

293 1073 421 1150 posse,
440 1050 512 1121 nisi
526 1065 660 1148 praeter
679 1067 929 1150 symptomata
945 1052 1057 1151 longe
1072 1053 1304 1152 gravissima,

293 1191 362 1268 pes
378 1166 425 1238 ad
438 1181 634 1240 externum
653 1170 775 1242 cruris
801 1170 898 1244 latus
926 1168 1207 1243 evidentissime
1230 1186 1302 1242 tra·
1357 1222 1358 1268 3

294 1283 430 1357 ductus
450 1300 644 1384 appareat,
672 1289 759 1360 satis
786 1303 842 1360 est
864 1289 1110 1386 inresponso
1136 1288 1301 1386 quodam
1357 1317 1358 1326 ¹

293 1425 380 1474 meo
398 1384 722 1476 demonstratum:
744 1405 888 1502 quodsi
903 1405 1038 1504 legeris
1051 1403 1152 1504 apud
1165 1406 1301 1477 clariss.

294 1521 361 1618 qui
381 1520 518 1610 edidit,
549 1519 763 1612 medicum3
783 1547 881 1611 rem,
906 1525 1068 1621 opinor,
1087 1525 1137 1595 ita
1162 1522 1304 1620 perspi·

295 1663 404 1710 cuam
430 1663 509 1710 esse
534 1663 762 1737 cognosces,
782 1655 826 1713 ut
850 1639 897 1714 de
912 1640 1060 1714 eauihil
1074 1639 1138 1712 hic
1152 1662 1306 1715 censeas

293 1779 373 1858 esse
386 1755 652 1852 adjiciendum.
783 1763 786 1770 “
1358 1765 1359 1772 ’

343 1874 400 1964 34.
419 1878 608 1947 Hactenus
621 1873 858 1948 deinteriore
875 1889 960 1946 artu
976 1889 1053 1946 tarn
1064 1872 1305 1970 multascrip·

293 1993 430 2080 simiis,
457 2007 500 2066 ut
532 1994 605 2063 nisi
639 1991 849 2092 longissimi
877 2015 957 2064 esse
977 1991 1158 2078 velimus,
1185 2013 1304 2088 pauca

293 2110 475 2182 duntaxat
493 2108 540 2182 dc
556 2111 767 2208 superiore,
787 2124 824 2182 et
839 2109 886 2180 de
902 2108 1086 2182 vertebris
1101 2107 1178 2181 sint
1195 2109 1304 2179 attin·
1359 2113 1360 2158 ἐ

295 2227 427 2326 genda.
446 2230 620 2318 Quorum
642 2249 730 2326 pars
749 2241 876 2300 tamen
893 2226 941 2298 ad
962 2224 1181 2299 inferiorem
1209 2249 1306 2323 quo·

294 2362 370 2441 quc
407 2357 530 2414 artum
562 2342 769 2442 spectabit,
797 2359 841 2416 ut
874 2361 1020 2442 partem
1053 2366 1189 2414 eorum
1225 2367 1305 2441 quae

186 2477 188 2490 ·
296 2461 437 2559 scripta
458 2475 565 2547 sont,
592 2459 640 2532 ad
657 2459 729 2532 alia
746 2462 857 2533 etiarn
872 2483 956 2533 ossa
977 2457 1173 2532 transferri
1197 2483 1306 2558 posse

294 2578 484 2676 inteiligis.
506 2581 561 2650 Ex
579 2580 625 2651 iis
645 2580 746 2651 enim
762 2578 858 2680 iliud
874 2602 1030 2677 quoquc
1049 2592 1106 2654 est
1128 2577 1237 2676 quod
1263 2601 1305 2649 ex

296 2695 484 2769 Columbo
505 2698 802 2770 memoravimus
813 2694 892 2794 (a),
908 2697 948 2766 in
963 2695 1093 2794 pueris
1108 2693 1219 2769 facile
1234 2695 1306 2794 epi·

293 2814 432 2913 physes
444 2814 494 2886 ab
512 2804 661 2888 ossibus
685 2813 860 2914 disjungi.
878 2813 992 2906 Quod
1010 2814 1170 2912 quinon
1189 2828 1304 2886 atten-

295 2931 375 3020 dat,
391 2934 422 3004 is
440 2933 481 3002 in
493 2930 567 3003 illis
575 2931 698 3030 decipi
708 2931 901 3004 interdum
920 2945 1062 3030 potest,
1082 2927 1303 3027 hujusmodi

294 3048 568 3146 disjunctiones
602 3065 674 3149 pro
702 3047 877 3146 fracturis
918 3048 1153 3148 accipiendo.
1183 3051 1302 3147 Expe-

294 3167 408 3238 rienti
426 3167 596 3264 alioquin
611 3165 791 3267 chirurgo
804 3167 843 3239 id
856 3168 1014 3240 memini
1023 3159 1220 3255 accidisse,
1239 3164 1303 3264 qui

296 3308 383 3354 oum
399 3283 513 3356 ambo
531 3299 679 3357 tumere
701 3285 857 3358 brachia
872 3284 992 3384 puelli·
1010 3284 1149 3358 nobilis
1160 3283 1305 3356 videret

296 3401 343 3473 ad
362 3399 813 3500 carpos,tungend0que‚
833 3401 904 3474 sub
920 3399 1128 3475 fluctuante
1143 3399 1304 3472 humore

295 3517 466 3618 quodam·
481 3533 608 3617 partos
623 3519 677 3591 ibi
700 3537 887 3594 extremas
909 3518 1028 3610 radii,
1049 3535 1087 3593 et
1102 3519 1201 3592 utne
1222 3541 1303 3590 mo·

335 3915 378 3997 (ι)
399 3919 433 3978 L.
447 3921 485 3977 de
496 3922 641 3995 stantun,
655 3941 686 3979 n.
702 3930 735 3994 14
745 3963 755 3996 ,
767 3923 849 4001 apud
860 3920 1013 3981 Marincll-

334 4017 379 4097 (a)
400 4020 516 4098 Supra,
529 4037 559 4077 η’.
575 4039 607 4080 a.
