2858 4658
125 475 190 522 ata.
205 475 255 521 tv.
274 473 320 522 na
334 471 677 538 nonsummum,
695 463 764 520 etc.
782 471 894 524 anter.
909 473 980 522 tvi.
1033 449 1081 546 89

82 585 156 662 huit
182 602 347 684 partein,
380 588 544 662 excavati
573 586 765 661 interdum
792 587 831 658 in
866 587 973 659 ilium
997 609 1079 660 osse

84 705 163 776 novi
181 704 366 776 acetabuli
386 704 758 778 observationessine
773 704 995 776 cadaverum
1011 703 1081 776 dis·

83 821 304 896 sectionibus
323 823 463 919 posteri
475 848 553 894 non
564 824 689 894 minus
699 823 951 920 ignorassent,
965 843 1080 919 quarn

85 937 320 1036 Hippocrates
335 941 434 1012 ineo
449 938 535 1010 libri
546 938 592 1012 de
607 938 953 1036 articulis·loco(1),
965 959 1081 1036 quem

86 1053 110 1124 si
142 1052 333 1151 proferam
361 1056 569 1128 secundum
602 1079 683 1130 eam
719 1057 932 1128 versionem
967 1077 1082 1151 quam

86 1169 246 1268 plerique
267 1185 354 1270 post
370 1173 593 1244 Carnarium
621 1171 740 1244 secuti
755 1187 862 1260 sunt,
890 1173 1014 1242 minus
1031 1167 1082 1242 fa·-

87 1287 145 1359 cile
164 1289 369 1388 intelligas,
395 1305 438 1362 ut
466 1291 625 1390 opinor,
651 1291 816 1387 quamsi
840 1315 886 1362 ex
910 1290 1084 1361 Feliciani
1171 1375 1175 1378 ,
1199 1307 1204 1324 ⁸

86 1407 267 1494 tersione,
288 1408 598 1502 conjunctarum
619 1408 753 1478 Galcni
771 1407 1083 1505 interpretatione

88 1521 305 1616 produxero.
338 1526 396 1596 Sic
421 1525 536 1623 igitur
560 1527 827 1624 HippocrateS,
853 1523 901 1596 de
932 1521 1086 1596 femoris

86 1634 187 1709 lutati
199 1643 324 1738 capite
335 1640 450 1714 verba
468 1637 617 1714 faciens.
640 1645 729 1714 Cum
752 1657 875 1712 tamen
896 1646 1083 1727 incarne,

90 1760 121 1824 ia
131 1783 241 1852 quom
252 1757 462 1858 prolapsus
477 1753 551 1847 est,
573 1759 755 1832 articulus
767 1782 912 1830 moram
927 1763 1084 1830 invenit:

90 1887 121 1942 et
134 1897 219 1946 caro
238 1873 420 1948 lentorem
441 1883 652 1948 contraxit:
680 1875 814 1948 dolore
832 1899 976 1948 vacans
996 1892 1086 1946 tem·

86 1996 179 2085 poris
189 2016 376 2088 processu
395 1993 528 2065 evadit.
553 1998 643 2066 Cam
670 2019 762 2067 vero
800 1993 934 2065 dolore
948 2009 1086 2083 vacat,

93 2107 221 2204 absque
234 2108 397 2197 bacula,
415 2117 448 2183 si
464 2109 613 2209 alioqui
623 2111 835 2200 voluerint,
840 2127 1002 2210 possunt
1011 2137 1090 2182 am·

91 2209 224 2296 balare:
238 2242 405 2324 possunt
414 2252 486 2324 que
495 2253 629 2328 corpus
645 2228 735 2302 laeso
753 2251 860 2302 crare
870 2245 1087 2302 sustentare.

93 2342 141 2410 Sic
164 2359 292 2416 autem
310 2343 406 2416 -haec
432 2347 894 2444 interpretatur'Galentts
922 2345 995 2443 (a):
1018 2352 1092 2418 Per

94 2461 365 2534 translationem
380 2485 535 2534 nwram.
555 2468 578 2536 i.
597 2470 677 2543 τριβον
697 2464 797 2536 dixit
814 2491 839 2534 a
858 2463 948 2535 locis
966 2489 991 2534 a
1005 2471 1092 2536 vina

95 2579 222 2649 toribus
240 2559 424 2650 diuturna
441 2585 703 2656 immoratione
719 2587 874 2666 attritis,
900 2597 1014 2677 atque
1030 2583 1092 2651 as-

97 2698 271 2784 suefactis.
297 2697 490 2792 Ejusmodi
517 2715 641 2774 autem
672 2699 793 2770 oratio
812 2699 893 2794 ejus
917 2698 995 2768 haec
1025 2713 1096 2768 est..

100 2812 175 2884 Cum
188 2818 473 2914 capatsemoris
489 2841 509 2887 e
516 2822 677 2916 propria
693 2815 779 2889 sede
791 2816 963 2913 elapsum
974 2821 1012 2886 in
1029 2841 1099 2886 est-¹

100 2935 259 3014 tenorem
267 2946 445 3030 partem,
464 2938 502 3003 in
522 2957 634 3008 carne
641 2934 983 3030 firmatamfuert't:
1001 2939 1098 3006 inter

34 3141 35 3146 ἵ
101 3049 193 3118 initia
219 3054 288 3144 qui
304 3047 575 3146 adponuntur,
607 3077 655 3124 err
674 3057 946 3149 compressione
960 3051 1097 3124 'dolore

102 3165 483 3264 afficiuntartpostco
501 3194 592 3241 vero
616 3171 790 3268 temporis
805 3181 983 3268 processu
1005 3193 1096 3241 caro
1125 3149 1130 3160 ⁵

105 3280 163 3367 ibi,
194 3308 272 3354 non
294 3307 397 3356 secus
422 3303 469 3356 ac
487 3289 686 3377 fossorum
716 3311 863 3373 manus,
881 3285 1097 3359 'ocaalescit

108 3399 209 3487 (laod
217 3403 366 3497 cumfit‚
386 3400 488 3474 locas
503 3402 809 3480 deorticnlationi
818 3401 947 3474 similis
957 3387 1099 3476 erodit}

107 3536 177 3587 carn
198 3543 308 3589 mora
335 3517 402 3590 illa
427 3521 883 3624 quemadmodantlantea
900 3522 1110 3608 acetabulo,

109 3653 221 3724 coaae,
242 3650 359 3734 capnt
369 3637 532 3727 sommis
556 3652 695 3710 utatur.
724 3641 857 3709 Postea
873 3661 1100 3736 vero-quam

144 3915 185 3994 (1)
203 3922 242 3976 N.
260 3921 297 3980 63
314 3923 396 3996 apud
406 3901 553 3980 Marlnell.

146 4013 186 4095 l’l
206 4020 243 4077 11¹
253 4021 274 4078 l·
288 4022 434 4100 Hippoer·
447 4021 485 4081 de
497 4022 585 4082 artic.
601 4031 762 4083 comment.
775 4021 796 4079 l.
810 4019 844 4094 3,
859 4039 890 4076 n.
903 4019 966 4095 93.·
1018 4057 1019 4060 ,
1091 4103 1096 4110 ἱ
