2858 4658
294 396 338 472 16
458 413 504 468 bn
528 411 674 469 supinus
697 413 741 468 ur
766 409 890 470 causis
915 409 1124 472 Moarouutt

288 535 405 633 idque
420 535 504 624 alia,
522 549 559 605 et
578 534 656 604 haec
673 547 818 622 caetera,
834 549 876 604 ut
888 532 1168 608 soecundissima
1184 538 1290 626 sunt,

283 640 396 728 ¹brevi
416 669 587 750 tempore
612 651 855 748 peperissent.
886 655 1019 750 Neque
1043 653 1117 724 hoc
1132 668 1296 734 tantum·

289 771 406 844 modo
428 767 555 840 fateor.
582 748 654 840 sed
678 769 708 838 si
727 765 824 840 forte
846 770 954 858 velis,
979 770 1085 866 quod
1109 770 1197 842 huic
1220 795 1295 842 ma·

288 903 406 962 tronae
432 885 587 974 accidit,
611 883 710 956 idern
742 886 921 959 omnibus
940 890 1007 984 qui
1029 886 1152 960 scabie
1174 890 1295 960 corni⁵

286 1009 463 1106 piuntur,
478 1001 664 1088 accidere,
689 1027 879 1100 unamque
899 1002 998 1075 hanc
1016 1027 1186 1102 semper,
1205 1029 1292 1078 cum

287 1122 430 1198 scabies
446 1123 583 1210 oritur,
608 1144 757 1195 causam
778 1145 875 1210 esse;
903 1119 1084 1218 equidem,
1107 1123 1187 1222 ipsc
1211 1149 1293 1196 non

286 1241 393 1315 facile
410 1240 576 1324 credam,
599 1263 619 1308 a
639 1254 675 1310 te
692 1253 816 1310 autem
834 1238 1018 1336 tantisper
1032 1240 1136 1312 credi
1153 1241 1293 1332 sinam,

285 1360 377 1434 dum
392 1357 640 1429 nibilominus
657 1355 873 1444 ostendam,
887 1357 1044 1428 minime
1055 1372 1180 1428 tutum
1192 1380 1289 1447 esse,

285 1478 345 1552 vel
364 1478 416 1548 sic
433 1491 554 1546 ortam
575 1472 757 1560 scabiem,
778 1473 851 1544 nisi
871 1471 968 1544 forte
988 1474 1028 1543 in
1046 1497 1229 1572 corpore,
1249 1492 1292 1548 ut

284 1594 555 1695 supradictum
574 1605 651 1677 est,
668 1614 759 1662 sano
776 1607 903 1678 antea,
925 1606 962 1664 et
979 1593 1198 1689 nuperrime
1218 1618 1290 1691 per

285 1713 500 1809 contagium
521 1707 677 1797 infecto,
702 1708 871 1806 neglecta
897 1710 1046 1780 interna
1071 1711 1289 1797 curatione,

285 1818 438 1906 e'xterna
460 1825 722 1900 tantummodo
743 1850 883 1898 sanare.
915 1826 1014 1916 Quid
1035 1827 1150 1915 enim,
1177 1828 1289 1918 obse,-

279 1975 369 2038 ‚cro,
400 1962 455 2020 est
474 1943 636 2028 scabies,
655 1941 924 2040 undecumque
945 1943 1098 2016 tandem
1123 1959 1205 2016 orta
1221 1946 1286 2040 sit,
1340 1973 1345 1986 =

275 2092 397 2168 ‘quam
414 2062 627 2150 ulcuscula,
648 2061 778 2158 quaesi
796 2062 834 2130 in
852 2061 1119 2156 unum-juncta
1140 2071 1289 2152 essent,

282 2208 448 2286 persaepe
477 2181 586 2254 ulcus
613 2180 727 2276 longe
764 2179 1036 2276 amplissimum
1062 2181 1287 2278 aequarenti’

281 2303 374 2394 Quis
397 2315 521 2375 autem
551 2295 720 2380 medicus
746 2295 958 2382 ulcusnon
994 2294 1080 2368 dico
1106 2298 1287 2396 amplissi*

277 2446 404 2508 mum,
424 2417 490 2490 sed
511 2413 724 2501 modicum,
742 2438 811 2512 per
836 2438 874 2488 sc
898 2428 1047 2505 natum,
1067 2430 1141 2500 ,aut
1166 2417 1282 2488 etiam

251 2567 252 2574 ¹
281 2536 447 2612 cauterio
455 2587 467 2622 ,
499 2532 615 2604 aliave
649 2532 835 2606 exteriore
866 2555 976 2604 causa
1003 2532 1220 2620 inductum,
1254 2533 1285 2622 si

198 2705 201 2710 -
278 2656 420 2728 diutius
438 2664 610 2750 apertum
631 2650 830 2736 manserit,
844 2674 923 2720 non
943 2663 1072 2722 curato
1086 2651 1191 2746 prius
1204 2672 1285 2721 cor·

278 2798 387 2872 pore,
406 2766 608 2842 occludat-i
624 2764 734 2855 Quid
757 2766 806 2836 ita
826 2767 840 2836 t
863 2791 1000 2865 nempe
1026 2760 1115 2864 quia
1135 2791 1205 2864 per
1220 2767 1314 2872 illas

278 2887 467 2966 emissaria
483 2906 641 2980 corpus,
657 2883 688 2954 si
705 2883 797 2980 quid
807 2885 935 2981 pravi,
954 2898 1019 2956 aut
1031 2898 1132 2957 certe
1143 2884 1283 2956 redun-

277 2999 573 3082 dantishabebat
586 2999 777 3088 humoris,
792 3002 869 3097 jam
887 3000 953 3072 diu
969 3002 1104 3097 ejicere
1126 3027 1283 3076 consue·

274 3139 394 3200 verat-
406 3127 481 3196 Cur
496 3143 587 3190 vero
605 3142 684 3188 non
698 3118 799 3190 idem
816 3121 856 3188 in
872 3118 1008 3190 scabiei
1021 3145 1101 3191 non
1119 3123 1281 3193 recentis
1310 3143 1312 3147 ·

275 3238 480 3318 ulcusculis
506 3237 586 3308 sine
616 3259 723 3306 mora
746 3234 1001 3326 roccludendis
1020 3236 1279 3310 attendamus?

274 3386 357 3462 quae
389 3357 564 3428 universa
594 3379 680 3426 cum
710 3353 829 3425 ulceri
859 3355 1091 3452 amplissimo
1122 3379 1281 3452 respon·

274 3482 403 3563 deant,
419 3488 523 3547 tanto
537 3475 664 3544 minus
682 3471 761 3542 sine
777 3471 1070 3567 praeviainterna
1085 3473 1280 3545 curatione

272 3619 472 3700 persanare
485 3606 611 3662 tutum
630 3603 701 3676 est,
713 3602 857 3685 quanto
877 3586 963 3683 plus
981 3586 1152 3664 humoris
1173 3592 1281 3687 pravi

261 3709 445 3804 ssolebant
474 3725 577 3780 extra
609 3730 749 3803 corpus
774 3703 990 3788 amandare,
1013 3705 1278 3806 ejusdemque,

271 3837 311 3906 in
332 3831 422 3930 ipsis
445 3823 650 3898 ulcusculis
674 3837 752 3894 tum
784 3844 913 3908 mora,
932 3833 1014 3890 tum
1040 3823 1086 3894 ab
1121 3839 1277 3896 externo

265 3975 356 4034 ,aere
371 3944 431 4020 vel
449 3942 566 4040 magis
579 3939 794 4037 depravati,
806 3939 906 4013 intra
920 3963 1060 4040 corpus
1073 3944 1274 4016 remittere.
