2700 4660
94 395 166 443 cm.
179 393 235 442 ιν.
258 393 307 440 uu
319 387 663 454 uonmscemusc,
677 378 745 438 etc.
761 389 873 440 miss.
888 391 959 440 mx.
988 368 1058 446 255

47 507 340 580 hementissima
360 503 527 576 tormina
558 504 848 600 corripuissent,
886 531 1060 582 enormes

46 625 240 712 vomitus,
269 639 307 694 et
333 620 458 720 {rigidi
486 621 665 706 sudores,
691 620 806 694 dorso
837 623 1060 700 cadaverum

49 742 185 826 livido,
205 739 321 816 valde
340 737 573 810 inflammato
590 738 817 828 ventriculO,
840 756 931 812 etex
947 741 1060 838 hujus

50 861 165 930 erosis
198 858 303 930 vasis
344 855 635 952 sanguinolento
674 853 835 927 humore
874 856 1060 933 effluente.

49 975 188 1046 Eadem
203 973 424 1045 observatio
444 971 589 1044 obitum
608 997 761 1072 quoque
781 979 963 1072 proponit
982 1003 1062 1050 mu·

50 1095 170 1180 lieris,
188 1106 284 1190 post
297 1089 483 1186 ejusmodi
495 1105 532 1161 et
544 1088 729 1178 tormina,
750 1106 787 1164 et
801 1095 985 1184 vomitus,
1006 1098 1061 1166 in·

50 1226 104 1281 tra
117 1233 268 1308 paucas
283 1209 397 1279 hocas
412 1193 677 1280 succedentem
695 1207 879 1306 deglutito
890 1214 1060 1286 arsenico

51 1325 178 1398 rubro.
200 1326 428 1400 Arsenicum
446 1339 572 1397 autem
593 1324 789 1414 citrinum,
810 1329 1063 1426 auripigmen-

53 1459 129 1515 tum
139 1432 306 1529 vocatit,
320 1465 435 1539 quem
454 1441 616 1532 ardoris,
634 1457 673 1514 et
688 1446 872 1518 erostonis
890 1470 1061 1538 sensum,

53 1576 86 1633 et
109 1575 207 1658 quot
234 1559 478 1645 vomitiones,
497 1545 821 1658 dejectionesque,
847 1577 884 1634 et
903 1581 1064 1661 quantas

55 1678 303 1774 permoverit,
323 1675 528 1748 Gerbezius
548 1675 604 1774 (π)
622 1676 791 1767 docebit3
804 1695 923 1777 utque
945 1697 1061 1754 totam

58 1791 254 1884 lamiliam,
270 1816 401 1892 exque
418 1793 535 1891 aliqui
553 1795 775 1892 sanguinem
793 1819 838 1867 ex
850 1821 936 1886 ore,
952 1815 989 1870 et
1005 1801 1064 1870 in·
1128 1834 1130 1838 ¹

57 1911 197 1986 testinis
225 1913 398 2010 ejecere,
422 1935 520 2009 pene
543 1899 794 1996 iuterfecerit,
813 1915 977 2011 puellam
1005 1941 1066 1988 au·

59 2044 127 2099 tem
149 2031 268 2129 plane
288 2028 486 2118 occiderim
505 2043 547 2100 ut
574 2029 700 2100 minus
727 2031 863 2102 mirum
893 2033 939 2104 sit
959 2035 1064 2131 quod
1133 2049 1135 2053 ’

60 2141 153 2244 leges
162 2147 271 2246 apud
289 2146 476 2244 lleydium
490 2146 560 2243 (a),
576 2147 716 2219 elicitas
733 2171 779 2220 ex
788 2150 1063 2248 auripigmento

63 2267 279 2362 crystallus,
293 2262 637 2363 gallinae‘praebitas,
659 2265 757 2336 hanc
769 2267 842 2336 alvi
857 2267 960 2340 lluxu
978 2295 1065 2342 con»

64 2377 197 2454 lecisse.
214 2389 267 2454 Et
291 2363 466 2480 quemvis
488 2404 567 2454 non
596 2383 644 2453 ad
673 2385 900 2474 arsenicum,
926 2387 991 2487 sed
1015 2390 1063 2461 ad

63 2497 259 2592 plumbum
269 2514 419 2598 spectet
427 2499 957 2598 lithargyrium3dignatemen
977 2519 1065 2577 sunt

65 2637 139 2709 quae
157 2641 177 2690 a
192 2631 231 2690 te
247 2619 422 2716 legantur
430 2631 510 2688 tum
526 2618 625 2713 ejus»,
640 2633 746 2715 eceto
765 2617 896 2707 soluti,
917 2636 954 2694 et
966 2624 1063 2692 cocti

65 2726 195 2806 lactum
215 2737 258 2806 im
276 2759 369 2806 cane
384 2740 621 2808 a'Brunnero
636 2734 866 2832 periculum,
882 2740 1063 2835 canisque

66 2845 251 2942 dissectio,
268 2867 349 2924 tum
364 2850 556 2948 ejusdem,
572 2873 658 2924 cum
678 2849 770 2922 bolo
785 2853 899 2942 cocti,
916 2857 1064 2941 etacidi

67 2966 138 3036 vini
158 2969 270 3043 doliis
293 2970 440 3066 injecti,
455 2975 513 3041 Jo.
535 2975 611 3041 lac.
631 2974 758 3042 Frunc.
780 2969 918 3045 vicarii
931 2972 984 3068 (3)
999 2972 1064 3046 lm-

68 3078 145 3155 bitae
161 3088 264 3160 iniis
280 3087 346 3186 qui
367 3087 561 3176 biberant,
584 3083 876 3160 observationes.
899 3093 976 3162 Nee
995 3095 1065 3162 mi·

70 3219 134 3272 nus
142 3202 242 3276 lectu
256 3205 379 3302 dignae
388 3203 579 3291 suntalioe,
592 3204 686 3275 utel.
695 3208 749 3274 Ju
758 3207 844 3276 Mat.
853 3207 1000 3280 Mulieri
1009 3208 1063 3306 (4)

73 3425 334 3455 κ-ι--ι
