2746 4662
134 448 207 494 mu.
222 441 270 494 tv.
284 447 331 527 ue
345 442 481 492 uoams
492 440 669 492 caraune.
679 471 690 510 ‚
701 433 771 494 etc.
785 445 897 496 nrtsr.
908 447 995 500 svn.
1026 453 1094 530 179
1149 465 1151 470 ·

83 555 207 634 beret.
237 565 368 656 Itaque
392 560 433 628 in
452 574 621 631 extremo
645 559 862 634 discrimine
881 567 1036 655 versari,
1050 571 1093 642 iis

83 679 230 778 quibus
248 678 450 766 debebam,
469 703 638 750 seorsum
663 678 740 752 dixi
749 707 759 760 ;
787 681 903 778 idque
921 709 990 781 per
1008 710 1094 793 cur-

83 820 235 882 sorem,
253 794 399 865 dictatis
435 819 454 864 a
480 820 541 866 me
572 797 755 868 contiuuo
777 797 931 884 litteris,
960 801 1097 898 signifi·

85 911 255 984 candum
275 912 512 1010 amplissimis
530 914 642 1003 viris,
669 913 791 986 fratris
809 916 889 1010 ejus
901 915 1008 1004 filiis,
1034 945 1095 990 cu-

84 1031 177 1102 ravi.
202 1033 374 1102 Attamen
399 1055 444 1102 ex
461 1033 506 1104 iis
527 1054 609 1128 quae
635 1033 729 1104 inito
746 1034 903 1104 consilio
923 1033 1094 1110 facienda

86 1172 168 1220 esse
208 1163 477 1236 statueramus,
512 1149 607 1220 nihil
641 1141 800 1238 inte'rea,
838 1167 902 1222 aut
929 1169 1015 1250 post
1050 1181 1093 1226 ea

85 1266 271 1340 omissum
296 1281 368 1352 est,
404 1282 586 1363 quantum
616 1267 770 1364 quidem
791 1293 859 1365 per
883 1273 971 1366 aegri
993 1273 1092 1344 vires
1125 1278 1134 1298 ⁰

85 1383 216 1471 licuit,
247 1381 294 1454 ab
327 1408 449 1480 eoque
476 1384 653 1482 precihus
684 1384 855 1459 obtinere
886 1393 1090 1483 potuimus.
1184 1389 1188 1398 ’

85 1507 249 1598 Jamque
289 1525 389 1598 genu
417 1517 562 1574 tumere
591 1504 729 1574 iterum
759 1504 983 1601 incipiebat,
1013 1533 1093 1603 quo

87 1619 148 1690 die
174 1617 305 1715 pulsus
326 1627 496 1716 ?'quoque
539 1620 731 1718 aliquanto
766 1623 942 1696 meliores
976 1622 1093 1698 factos

89 1735 433 1809 animadvertimus.
468 1737 540 1808 Sed
564 1762 675 1826 mox,
712 1753 846 1810 natura
880 1738 1091 1829 fatiscente,

89 1875 225 1925 rursus
252 1839 379 1924 omnia
406 1855 446 1924 in
475 1855 584 1951 pejus
612 1875 745 1942 ruere,
773 1871 810 1926 et
840 1859 1093 1954 nequicquam

88 1970 204 2044 nobis
225 1985 357 2042 contra
372 1971 598 2059 nitentibuS‚
618 1972 1094 2068 respirationisdifficultas

90 2089 247 2186 augeri,
282 2111 417 2186 sopore
444 2103 555 2186 caput
584 2089 754 2186 gravari,
787 2091 1095 2165 convulsionibus

89 2231 169 2278 uon
190 2208 373 2278 interiora
401 2205 533 2294 modo,
555 2205 639 2295 sed,
658 2222 702 2278 et
722 2223 823 2279 artus
848 2209 999 2306 corripi.
1023 2213 1092 2282 Per

90 2351 172 2424 quat
192 2327 331 2396 sensim
339 2326 437 2398 intra
450 2325 752 2422 perpaucosdies
766 2327 972 2399 Cardinaiis
982 2353 1091 2425 praes·
1142 2336 1144 2344 '

89 2444 324 2518 tentissimus
337 2495 346 2528 ,
357 2439 525 2539 pontifex
541 2443 725 2539 optimum
742 2443 949 2514 litterarum
964 2442 1090 2516 fautor

90 2585 265 2633 summus
283 2559 417 2632 eodem
440 2557 517 2630 fere
536 2574 725 2656 tempore,
743 2584 820 2654 quo
835 2563 1093 2633 serenissimus

90 2677 226 2764 frater,
249 2678 413 2775 optimus
426 2675 505 2773 ipse
525 2699 678 2772 quoque
693 2678 888 2772 princeps,
909 2692 946 2748 et
963 2679 1094 2748 arthri-

90 2796 159 2866 tidi
180 2795 324 2892 pariter
352 2793 554 2878 obnoxius,
585 2791 696 2864 honis
722 2792 898 2870 omuibus
930 2819 1094 2866 moeren-

90 2911 211 3000 tibus,
239 2924 390 3008 ereptus
413 2925 469 2982 est
487 2914 538 2982 IV
554 2908 642 2980 Idus
661 2910 809 3006 augusti
821 2911 911 2980 anui
939 2936 1041 3007 1722.

137 3027 325 3113 Cadaver,
343 3043 387 3099 ut
400 3029 498 3123 justa
511 3052 616 3098 more
630 3027 816 3123 majorum
831 3025 913 3098 fieri
921 3045 1092 3125 possent,

57 3139 60 3146 λ
92 3171 178 3218 cum
206 3161 304 3218 esset
333 3145 501 3217 balsamo
529 3145 744 3242 insequenti
771 3161 883 3216 nocte
912 3147 1094 3219 condien-

92 3265 205 3350 dum,
231 3263 457 3360 discipulum
476 3263 578 3350 misi,
598 3288 620 3332 a
636 3287 696 3334 me
715 3266 992 3352 ¹exercitatum,
1027 3266 1095 3362 qui

90 3383 236 3454 viscera
246 3381 446 3465 eximeret,
463 3393 500 3450 et
517 3380 662 3476 singula
677 3393 815 3452 attente
831 3382 1092 3476 perlustraret,

91 3500 340 3598 nequeenim
367 3498 513 3569 animus
538 3497 625 3570 tulit
648 3513 690 3567 ut
716 3498 795 3593 ipse
821 3497 1000 3570 adessem.
1034 3497 1093 3570 Ab

93 3642 157 3704 oo,
171 3633 211 3690 et
226 3643 248 3688 a
266 3616 414 3687 medico
431 3616 477 3686 de
500 3641 578 3712 quo
597 3629 706 3686 antea
729 3615 872 3694 dictum
901 3631 974 3702 est,
1004 3640 1093 3687 mox

95 3731 296 3830 diligenter
315 3734 466 3828 quaesivi
485 3731 622 3801 omnia.
641 3733 731 3820 Qnae
749 3747 871 3804 autem
898 3731 1010 3802 ambo
1034 3757 1096 3802 re-

96 3843 282 3936 tulerunt,
303 3847 559 3919 hucredeuut.
582 3851 1093 3950 Venterpraepinguisomen·

98 3979 195 4058 tum,
212 3966 502 4055 mesenterium,
530 3967 706 4038 intestina
728 3967 848 4036 etiam
874 3967 1000 4036 tenuia
1026 3965 1093 4036 ha-

889 4082 950 4158 η*
