2746 4662
293 453 360 503 m
457 451 506 502 DE
530 451 678 502 annuns
700 453 746 502 Μ’
769 451 894 500 mum
919 451 1136 501 mmm

289 579 502 638 versantem
521 565 673 638 illorum
687 568 975 638 contentionem
990 564 1092 638 flecti
1111 589 1192 636 non
1210 587 1304 664 pos-

294 698 359 762 set.
381 683 430 755 Iis
453 683 568 780 igitur
594 683 775 756 musculis
794 709 875 756 non
901 708 1042 782 magno
1066 707 1179 781 supra
1200 701 1304 781 genu

290 791 491 878 intervallo
524 799 563 870 in
588 815 844 874 transversum
870 801 1060 888 dissectis,
1087 825 1176 874 crus
1197 799 1302 872 illico
1365 785 1366 870 ἶ

292 917 394 991 flecti
410 917 544 1015 potuit.
560 921 696 1018 Neque
709 933 836 993 tamen
856 945 974 1020 genu,
993 933 1035 992 ut
1058 918 1193 990 rotnlae
1208 933 1304 1016 pro·¹

290 1035 473 1108 minantia
499 1035 558 1106 vel
581 1051 663 1108 tum
693 1061 956 1135 perseverans,
992 1034 1304 1122 demonstrabat,

291 1151 398 1225 omni
413 1151 504 1223 vitio
516 1151 677 1226 carebat.
688 1152 930 1226 Prominebat
939 1153 1040 1225 enim
1051 1151 1305 1249 rotula‚quia
1366 1164 1367 1244 i

291 1279 469 1343 externus
488 1265 643 1342 femoris
658 1270 866 1369 condylus,
887 1283 930 1344 ut
943 1285 1022 1344 erat
1036 1296 1059 1342 a
1076 1270 1306 1368 posteriori·-

289 1384 363 1460 bus
384 1385 432 1460 ad
459 1390 648 1460 anteriora
682 1387 858 1488 longior,
883 1387 988 1487 quod
1014 1387 1187 1484 ejusdem
1214 1411 1307 1460 cum

274 1521 451 1580 ‘externo
469 1506 623 1580 alterius
642 1504 796 1578 femoris
816 1505 980 1604 condyio
999 1506 1171 1577 instituta
1195 1527 1306 1577 com-

290 1625 435 1723 paratio
453 1621 753 1698 manifestissime
772 1623 1064 1724 comprobabat,
1082 1625 1134 1696 sic
1153 1630 1306 1694 antror⁴

291 1765 375 1814 sum
390 1742 449 1814 vel
466 1743 708 1842 magisquam
724 1743 893 1841 alioquin
912 1742 1029 1828 solet,
1041 1739 1304 1840 prominebat·
1367 1737 1368 1756 ³

290 1863 431 1932 Contra
447 1875 592 1948 autem,
607 1859 759 1934 lacerate
775 1875 973 1932 externum
993 1883 1094 1959 genu
1114 1857 1305 1958 ligamen-

171 2015 174 2022 *
290 1993 373 2050 tum
408 1977 528 2050 mnl'to
559 1980 718 2051 crassius
742 1977 789 2050 ad
817 1978 993 2064 alterum,
1021 2001 1135 2076 quam
1160 1974 1309 2048 adhoc

294 2121 415 2193 genu,
445 2095 578 2186 fuisse,
607 2095 863 2195 comparando
893 2095 1035 2195 pariter
1076 2093 1307 2191 comproba*i

295 2228 375 2286 tum
390 2228 456 2286 est.

301 2373 305 2405 t
347 2357 404 2428 27.
435 2329 546 2402 Unde
569 2339 667 2428 aqna
693 2330 755 2402 illa
780 2332 820 2402 in
847 2346 973 2430 parte,
1001 2326 1194 2426 faednsque
1226 2331 1313 2426 ejus
1369 2322 1370 2388 Ψ

297 2449 403 2526 color
420 2449 460 2520 in
481 2447 677 2522 thoracem
704 2449 852 2522 traduci
878 2449 1062 2547 potuerit,
1090 2471 1177 2519 cnm
1197 2447 1249 2519 sit
1269 2471 1310 2519 ea

296 2593 410 2667 quam
426 2567 543 2667 paulo
561 2581 647 2640 ante
665 2567 879 2666 designavi4
903 2565 1061 2665 epistola
1074 2563 1311 2653 indicatum,

297 2701 427 2758 caetera
443 2699 566 2758 autem
583 2686 622 2756 in
642 2687 839 2784 proposita
856 2683 1122 2757 observatione
1132 2682 1222 2756 satis
1238 2707 1312 2780 per

298 2827 336 2876 se
356 2801 520 2875 dilucida
548 2805 640 2891 sint;
669 2803 716 2874 de
747 2799 1132 2900 genuumicontrario
1159 2799 1314 2872 incom-

260 2936 263 2941 ’
297 2919 432 3008 modo,
451 2919 552 2992 etde
574 2919 800 3016 quibusdam
815 2944 947 2992 eorum
972 2915 1118 2990 morbis
1133 2917 1310 3015 quaedom

297 3037 368 3108 alia
385 3034 703 3110 commemorabo.
726 3041 837 3110 Genu
856 3037 903 3108 do
923 3061 1002 3135 qno
1026 3033 1142 3108 modo
1161 3033 1308 3106 dictum

297 3169 374 3242 est,
401 3153 501 3226 flecti
530 3179 609 3225 non
645 3171 802 3253 poterat.
839 3155 1001 3228 illustris
1031 3169 1156 3226 autem
1184 3153 1310 3226 Halie-

296 3295 361 3347 rus
378 3271 433 3369 (ι)
450 3296 537 3343 cum
550 3272 590 3344 in
606 3272 707 3344 aliud
723 3273 915 3346 incidisset
935 3271 1040 3372 quod
1059 3267 1213 3344 extendi
1228 3295 1308 3344 non

296 3403 461 3488 poterat.
476 3390 619 3464 nullam
637 3392 782 3463 invenit
796 3416 943 3464 causam
959 3405 1105 3491 prccter
1121 3387 1263 3461 duram
1276 3401 1313 3460 ct

292 3531 394 3608 pene
405 3507 617 3580 tendtneam
636 3507 941 3596 cellulosnatem
960 3507 1008 3582 ab
1025 3533 1068 3582 ea
1085 3522 1210 3606 parte,
1228 3507 1309 3606 opi·-

172 3651 175 3656 “
296 3649 391 3714 nor,
405 3640 471 3698 aut
487 3640 588 3700 certe
601 3627 719 3725 magis
731 3625 778 3699 ab
792 3651 834 3699 ea
849 3642 956 3726 parte
972 3627 1105 3726 quaein
1118 3639 1204 3697 artu
1222 3647 1310 3726 pos·

289 4035 294 4044 ·
335 4001 382 4083 (ι)
400 4002 512 4078 Opnse.
525 4001 640 4079 pichot.
653 4001 721 4066 ohe
737 4001 787 4059 tn.
