2824 4652
54 475 985 532 ura.v.nuaoounorsaoniasuraaronmrrsr.axvr.
1003 453 1074 552 595

57 621 180 696 posse
203 595 406 691 artificiose
426 615 499 692 ope
516 591 612 664 aeris
630 594 808 681 immissi3
827 595 906 666 sine
926 594 1003 666 ulla
1022 609 1076 666 ta·

59 741 160 788 men
188 713 427 787 dubitatione
448 711 547 782 hanc
575 711 830 783 musculosam
851 714 993 786 caeteris
1014 739 1079 786 ve-

60 835 155 906 sicae
179 832 317 904 tuniois
348 851 616 904 annumerasse
646 829 925 917 membranam,
957 831 1078 930 probe

62 949 289 1039 conscium,
307 949 337 1022 si
352 950 441 1047 quia
463 946 711 1034 membrana,
732 947 936 1051 pluresque
953 965 1079 1048 partes
1111 1037 1113 1042 .

62 1068 207 1142 eodem
239 1065 403 1140 artificio
432 1079 581 1164 queunt
604 1066 643 1135 in
678 1064 903 1137 cellulosum
927 1079 1080 1138 'textum

62 1187 210 1284 magis,
231 1185 438 1258 autminus
467 1171 708 1256 manifestum
739 1184 899 1272 resolvi,
919 1185 993 1255 alio
1011 1185 1079 1257 de-

61 1305 208 1393 beant,
232 1327 275 1375 ac
298 1314 456 1402 semper
471 1317 769 1388 consueverunt,
797 1301 987 1373 vocabulo
1011 1327 1078 1402 ap-
1115 1363 1117 1372 .

63 1421 225 1522 pellari3
244 1417 372 1492 'multo
401 1419 492 1491 bino
521 1419 704 1515 majorem
734 1420 774 1490 in
803 1434 978 1490 anatome
1002 1436 1079 1492 tra-

63 1537 198 1613 denda
223 1537 507 1625 confusionem,
524 1559 637 1634 quam
656 1537 851 1608 utilitatem
860 1545 879 1626 ,”
887 1538 1078 1613 invectum

63 1658 128 1730 iri.
150 1656 291 1754 Utique
316 1657 347 1728 si
375 1679 479 1726 nunc
513 1653 746 1752 imponenda
770 1669 893 1726 essent
922 1658 1080 1728 nomina

65 1801 157 1876 quae
171 1772 486 1870 facultatis'bujus
498 1787 689 1868 parentes,
708 1787 772 1842 ant
787 1773 853 1870 qui
866 1772 957 1843 olim
972 1796 1080 1848 auxe-

65 1909 178 1982 rant,
192 1894 305 1992 primi
322 1895 555 1990 imposuere,
586 1913 664 1961 non
696 1889 830 1961 dubito
853 1891 945 1987 quin
970 1891 1079 1989 plura

68 2012 277 2109 excogitari
298 2025 453 2110 possent
473 2006 649 2096 meliora,
682 2023 719 2080 et
737 2031 825 2078 curn
849 2031 940 2079 vero
962 2011 1080 2107 magis

69 2133 332 2228 congruentia.
343 2127 416 2198 Sed
433 2141 600 2223 praestat,
618 2129 781 2225 opinor,
799 2151 932 2198 verum
950 2123 1081 2226 postea

71 2247 379 2346 animadversum
408 2245 565 2332 dooere,
583 2259 710 2318 vetera
738 2259 863 2318 autem
885 2261 921 2316 et
947 2247 1081 2319 usitata

69 2365 259 2438 vocabula
291 2365 465 2436 retinere.
506 2365 565 2468 Sic
593 2362 732 2435 cordis*
748 2364 897 2438 venosis
928 2361 1081 2439 orificiis

71 2496 180 2582 quae',
196 2497 235 2556 et
255 2475 396 2582 qualis,
417 2498 455 2555 et
478 2505 593 2580 quam
615 2482 716 2552 varie
749 2481 796 2554 ad
821 2483 942 2552 imum
963 2482 1082 2555 divisa

71 2601 296 2670 membrana
322 2599 563 2696 subjiciatur,
585 2615 802 2697 opportune
826 2601 974 2672 tradere
1001 2626 1081 2672 nou

73 2717 228 2804 omitto;
246 2716 312 2787 sed
337 2739 424 2786 cum
443 2741 464 2786 a
481 2717 570 2787 viris
589 2716 840 2789 solertissimis
871 2743 996 2816 nuper
1016 2720 1082 2789 im-

70 2834 198 2935 posita
214 2834 371 2904 nomina
387 2833 494 2904 valde
508 2833 690 2931 probem,
710 2835 791 2932 ipse
808 2851 935 2906 tamen
951 2837 1082 2909 trious-

69 2951 226 3054 pidum‚
244 2965 283 3024 et
299 2951 506 3028 mitralium
533 2951 769 3024 valvularum
800 2953 989 3026 consuetis
1014 2979 1080 3026 no-

71 3069 241 3144 minibus
269 3069 325 3141 uti
342 3093 480 3167 pergo,
501 3085 538 3140 et
558 3068 780 3159 dexterum,
810 3071 1082 3169 sinistrumque

72 3187 197 3261 cordis
217 3186 472 3258 ventriculum
486 3185 793 3262 tanto'libentius
808 3185 934 3260 dicere
947 3244 956 3278 ,
973 3191 1079 3294 quod

72 3305 226 3377 illorum
243 3305 360 3402 aliqui
377 3304 516 3378 diserte
534 3303 714 3392 latentur,
731 3327 788 3393 se,
816 3329 905 3377 eum
920 3330 986 3378 eos
1013 3305 1080 3380 de·

73 3425 220 3522 signare
247 3424 356 3494 novis
383 3423 464 3495 aliis
489 3422 807 3521 appellationibus
839 3426 1081 3514 maluissent,

72 3541 122 3614 ab
136 3539 374 3614 auditoribus
392 3541 452 3616 tel
476 3541 575 3616 bene
595 3539 718 3614 doctis
733 3565 813 3614 non
831 3539 947 3612 luisse
970 3542 1080 3612 intel·

73 3660 201 3732 lectos.
227 3657 299 3730 Sed
319 3675 362 3730 ut
376 3658 689 3763 intentionihuic
709 3683 819 3745 meae,
847 3660 878 3732 si
898 3683 979 3729 non
1003 3657 1082 3728 lau-

76 3777 179 3865 dem,
196 3777 533 3849 atveniamsaltem
549 3801 628 3848 non
636 3801 717 3849 esse
728 3775 941 3875 negandam
952 3799 1082 3872 sper0,
1152 3787 1154 3793 '

76 3897 125 3966 ita
134 3893 232 3966 hanc
250 3895 361 3967 etiam
381 3914 513 3990 spero,
529 3895 560 3966 si
577 3910 782 3992 prostatam
792 3894 928 3981 ausim,
948 3917 1082 3990 quem-

77 4011 281 4085 admodum
322 4010 467 4101 ridisti,
504 4012 604 4088 iuter
633 4007 830 4109 glandulas
866 4007 992 4084 adhuc
1028 4029 1084 4084 re·
