2858 4658
160 443 225 498 nr.
238 445 284 498 iv.
303 437 782 510 mnorrxs·cnnoro.‚etc.
798 449 910 502 srrsr.
929 449 985 500 tv.
1038 437 1085 528 49

90 557 239 636 ‘ferendo
260 577 336 637 tam
352 564 509 662 longum
528 562 706 642 morbum
728 589 865 662 easque
884 570 989 664 puris
1007 572 1088 643 assi·

95 681 178 754 duas
195 677 417 770 effusiones,
439 681 619 780 humores
640 699 764 756 autem
778 685 926 756 vitiatos
948 687 1089 774 inme·

97 799 159 870 iius
171 798 267 872 adeo
283 814 465 886 mutaret,
484 813 528 870 ut
541 800 595 872 sic
614 816 812 900 personato
827 800 1023 892 abscessu,
1041 805 1090 876 ad

97 905 263 1014 priitinas
281 917 396 988 totius
420 918 617 1016 corporiS,
638 917 814 1016 illiusque
841 922 960 994 cruris
975 922 1091 1012 vires,

97 1035 378 1108 etnutritionem
395 1033 516 1106 multo
532 1059 645 1131 quam
665 1037 809 1132 sperari
823 1052 964 1134 posset,
982 1041 1091 1112 citius

96 1152 241 1241 rediret,
261 1176 417 1248 sexque,
445 1167 501 1224 tot
527 1153 628 1224 enim
663 1167 793 1249 postea
825 1155 936 1242 vixit,
966 1181 1090 1232 annos

97 1269 282 1342 medicinae
312 1293 384 1366 ope
411 1293 489 1340 non
517 1268 722 1368 indigeret·
744 1273 843 1340 Num
876 1273 1001 1361 vituli,
1027 1289 1092 1351 aut

96 1388 193 1486 pullae
212 1389 278 1484 jus
289 1388 329 1458 in
350 1405 447 1484 quo,
460 1387 569 1458 sicuti
583 1409 654 1484 pro
672 1389 812 1460 caeteris
830 1388 925 1478 illis,
946 1393 995 1462 ita
1017 1417 1088 1490 pro

97 1506 168 1602 ipso
177 1503 292 1578 simul
303 1504 461 1602 incoqui
475 1503 705 1577 dimidiatam
716 1507 883 1602 viperam
891 1505 1091 1602 jubebam,

97 1645 133 1694 ea
147 1624 181 1692 vi
196 1648 282 1696 esse
305 1621 393 1720 quis
418 1621 573 1711 dixerit,
602 1635 644 1692 ut
667 1621 854 1719 quidquid
881 1624 969 1695 inde
999 1627 1093 1698 boni

95 1756 252 1812 secutum
264 1754 338 1828 est,
351 1738 405 1808 ilii
422 1739 548 1836 potius
569 1763 684 1837 quam
697 1739 848 1836 viperae,
867 1741 913 1812 sit
924 1743 1092 1816 tribuen-

96 1857 391 1950 ,dumiQuaerent
405 1857 531 1954 potius
541 1857 739 1954 aliqui‚cur
749 1858 861 1954 igitur
871 1858 1090 1954 quodmihi‚

97 1977 177 2046 mihi
204 1991 356 2062 autem,
385 1975 463 2047 imo
491 1975 596 2072 quod
620 1974 811 2072 plerisque
837 1979 961 2050 omnis
996 1996 1090 2051 tem-

98 2097 204 2192 poris,
221 2095 476 2190 omniumque
495 2091 774 2190 propemodum
799 2095 996 2171 nationum
1014 2122 1094 2168 me·
1204 2081 1207 2094 ⁴

98 2210 179 2284 dicis
205 2211 403 2294 successit,
429 2235 508 2280 non
546 2209 646 2292 idem
661 2235 672 2312 x·
685 2209 863 2284 omnibus
895 2215 1096 2288 succedat?
1124 2219 1126 2227 ’

99 2333 317 2426 quasivero
345 2344 479 2428 praeter
503 2327 577 2398 hoc
601 2354 739 2417 unum,
764 2330 930 2402 remedia
963 2349 1095 2406 caetera

99 2449 263 2522 omnibus
283 2501 293 2537 ‚
313 2451 539 2546 semperque
560 2447 844 2544 responderent.
876 2449 967 2522 Aliis
986 2453 1095 2523 nimi·

98 2591 171 2638 rum
199 2593 285 2640 non
313 2564 553 2664 responderit
576 2563 626 2634 ob
657 2563 696 2634 id
719 2547 844 2661 ipsum
878 2565 1096 2662 quodcum

98 2685 165 2758 aliis
185 2702 302 2784 atque
333 2685 413 2760 aliis
437 2681 611 2756 remediis
637 2683 880 2752 commistum
908 2684 1092 2774 dederint.

99 2803 175 2878 Aliis
189 2801 299 2902 quod
317 2801 491 2876 dederint
510 2825 589 2871 non
607 2801 692 2871 satis
719 2799 795 2871 diu.
813 2801 903 2874 Aliis
921 2803 1027 2898 quod
1052 2807 1093 2876 in

99 2923 307 3020 viperarum
324 2921 526 2994 selec-tione
543 2918 690 3016 decepti
707 2914 873 3008 fuerint,
898 2947 977 2992 non
998 2923 1037 2992 in
1052 2924 1097 2996 iis

99 3055 286 3137 captarum
304 3038 370 3110 ubi
383 3035 606 3125 credebant,
621 3035 841 3134 regionibus
856 3053 892 3109 et
910 3039 1023 3125 locis,
1039 3065 1100 3113 nen

101 3181 165 3252 que
172 3181 305 3256 eoquo
312 3154 533 3254 oportebat,
546 3154 829 3251 anni‘tempore.
841 3155 1039 3253 Aliisquod
1058 3160 1099 3230 in

101 3274 281 3368 ejusmodi
295 3298 417 3372 -aegros
430 3327 440 3362 ,
455 3274 495 3344 in
518 3297 677 3370 eamque
696 3271 822 3344 morbi
838 3289 903 3344 aut
928 3297 1100 3366 causam,

101 3407 157 3464 aut
171 3395 270 3480 vim,
284 3407 349 3466 aut
364 3405 588 3464 vetustatem
607 3388 837 3478 inciderent,
853 3405 894 3460 ut
906 3391 1016 3481 nulli,
1036 3411 1103 3466 aut

103 3525 193 3581 certe
213 3511 307 3581 huic
324 3510 466 3581 auxilio
483 3533 561 3578 non
574 3518 669 3578 esset
683 3507 798 3579 locus.
815 3508 895 3578 Alia
913 3509 952 3578 id
965 3535 1103 3608 genUS,

104 3641 284 3720 quantum
306 3627 381 3714 vis,
408 3625 523 3712 adde,
553 3623 669 3694 modo
695 3649 743 3695 ne
771 3624 811 3694 in
838 3626 1050 3715 scientiam,
1070 3641 1107 3699 et

104 3738 208 3814 fidem
222 3769 360 3815 eorum
374 3742 532 3830 cadant,
551 3739 688 3838 quibus
699 3755 825 3812 tamen
836 3740 906 3813 hac
920 3743 959 3812 in
975 3768 1016 3814 re
1026 3768 1107 3816 non

105 3857 138 3927 id
156 3863 243 3934 satis
264 3859 337 3933 fuit
355 3859 459 3958 quod
478 3885 598 3949 nune,
616 3859 760 3935 utinam
785 3884 833 3930 ne
857 3860 969 3932 nimis
988 3885 1107 3957 saepe,

107 3989 139 4046 et
155 3979 386 4076 plusaequO,
404 3979 580 4054 usitatum
604 3991 676 4067 est,
701 4001 724 4050 a
742 3975 950 4074 majoribus
965 3977 1111 4054 dissen-

175 4118 209 4194 7·
806 4099 1090 4228 14·
