2732 4654
196 475 199 480 Ι
278 381 358 470 344·
438 404 486 452 na
511 399 657 452 snmrus
681 402 726 450 rr
751 399 875 450 causas
899 399 1164 452 nonnosum.
1329 396 1330 456 1

276 535 320 594 ut
338 517 599 590 Dioscoridem
624 516 679 612 (tl
696 517 883 600 omittam,
911 518 1017 612 cujus
1038 516 1152 588 verba
1182 515 1283 588 aliter

281 637 328 708 ab
347 635 427 707 aliis
443 635 502 731 (a)
517 634 589 733 legi
611 637 697 706 scio.
720 632 936 730 Aliquando
960 649 1087 705 tamen
1113 634 1284 706 incidunt
1332 656 1333 700 i

282 779 389 826 casus
402 756 441 825 in
460 753 598 850 quibus
616 753 645 823 si
664 749 819 824 ellectus
839 752 1023 849 explicare
1037 751 1129 823 velis
1139 775 1285 830 morsus

281 871 459 946 veneficae
476 868 832 966 cujuspiamhestiae
856 869 1035 939 nonsatis
1056 868 1104 938 sit
1130 869 1289 966 peculia·
1335 914 1336 958 3

279 1015 364 1064 rem
383 989 554 1086 corporis
574 987 858 1084 dispositionem
880 988 919 1054 in
942 985 1110 1057 medium
1136 984 1288 1066 allerre,
1336 1000 1337 1006 ’

283 1108 389 1180 velut
403 1131 489 1176 cum
508 1103 700 1201 equusl3),
715 1104 823 1198 cujus
832 1104 1078 1202 posteriorem
1091 1102 1288 1176 dexterum

285 1224 421 1322 pedem
439 1247 681 1294 musaraneus
700 1222 950 1292 momordisse
966 1220 1180 1312 dicebatur,
1199 1225 1291 1294 intra
1338 1227 1339 1230 ’

284 1342 446 1414 biduum
473 1355 665 1424 mortuus,
686 1339 957 1413 dissecantihus
980 1339 1165 1411 videndas
1194 1341 1291 1412 exhi·

288 1460 372 1532 buit
393 1483 471 1531 non
497 1473 570 1528 tam
591 1457 763 1553 adiposas
783 1456 937 1528 cellulas
959 1482 980 1528 a
998 1455 1095 1554 pede
1113 1457 1163 1528 ad
1184 1461 1294 1530 cervi·

292 1602 375 1649 cem
389 1599 512 1676 usqu-e
526 1598 609 1646 sero
625 1573 720 1644 ssavo
733 1572 920 1670 turgidas,
939 1576 1292 1674 sparsimquesugil-

289 1697 400 1779 latas,
420 1691 596 1764 flaccidos
612 1706 734 1762 autem
754 1691 965 1774 musculos,
986 1691 1119 1762 ethaeo
1132 1695 1288 1788 quidem

292 1794 510 1897 adextris,
546 1835 657 1906 quam
693 1809 912 1908 pulmonem
942 1809 1135 1880 dexterum
1170 1837 1294 1883 macu-

290 1931 338 2002 lis
357 1930 580 2002 distinctum
616 1929 754 2024 nigris,
781 1943 817 1998 et
850 1929 967 2024 ipsam
995 1927 1120 1998 cordis
1145 1932 1292 2000 auricu-

291 2049 366 2120 lam
395 2047 584 2118 dexteram
603 2043 754 2134 flavam,
776 2067 937 2142 seroque
961 2045 1164 2141 repletam
1187 2047 1295 2120 sanis·

294 2167 396 2237 simis
409 2189 500 2234 vero
518 2162 716 2246 musculis,
732 2162 937 2259 pulmone,
957 2177 993 2232 et
1010 2164 1181 2234 auricula
1199 2167 1295 2236 sinis·
1350 2209 1351 2212 =

292 2282 382 2362 tris:
406 2279 511 2376 quod
541 2278 742 2350 discrimen
769 2301 893 2378 neque
912 2278 1152 2371 ayvirulentia
1176 2280 1295 2373 evul·
1351 2297 1352 2300 ’

210 2425 227 2440 ·
293 2423 385 2469 nere
410 2399 449 2467 in
468 2399 686 2494 sanguinem
707 2397 889 2482 immissa,
908 2417 1033 2493 neque
1056 2414 1196 2470 acerta
1213 2423 1294 2470 san-
1351 2469 1352 2476 χ

296 2515 421 2614 guinis
441 2514 710 2612 dispositione,
729 2511 793 2586 sed
805 2513 851 2584 ab
871 2515 1021 2586 irritatis
1031 2517 1159 2612 potius
1175 2518 1296 2588 nervis

294 2633 480 2722 dexteris,
500 2631 531 2702 si
550 2630 737 2702 auriculas
758 2633 961 2730 praesertim
974 2633 1176 2728 respicias,
1195 2631 1296 2704 facile

293 2749 519 2834 deduces(¹

345 2865 401 2938 35.
421 2871 471 2938 Ut
486 2891 576 2938 vero
597 2868 637 2938 in
659 2867 704 2938 iis
727 2866 774 2938 de
799 2866 937 2963 quibus
954 2868 1067 2966 paulo
1087 2883 1179 2940 ante
1199 2869 1295 2940 dice·

294 2983 408 3071 bam,
432 2986 481 3054 ita
493 2985 603 3060 etiam
622 2986 660 3062 in
676 2984 757 3054 aliis
771 2983 931 3081 viperini
949 2983 1295 3060 veneniclfectibus

293 3100 644 3174 animadvertendas
672 3102 869 3174 varietates
900 3102 953 3186 ab,
977 3103 1155 3174 alterutra
1186 3127 1294 3202 quam

294 3218 608 3303 commemoravi,
626 3242 735 3289 causa
754 3233 912 3316 repetes.
932 3219 1120 3309 Quasdam
1142 3247 1187 3292 sx
1207 3245 1296 3319 prae·

294 3335 415 3432 cipuis
440 3331 501 3406 hic
526 3333 632 3430 juvat
650 3333 832 3432 proferre.
858 3337 1073 3425 Vomitum,
1102 3339 1132 3408 si
1159 3339 1294 3436 pleras-

299 3477 374 3554 que
404 3452 573 3524 attendas
602 3451 852 3525 iudicatarum
884 3451 1212 3546 observationum,
1238 3458 1296 3526 vix

332 3654 377 3732 (r)
397 3657 442 3711 De
455 3653 533 3718 Med.
550 3656 569 3710 l.
585 3654 622 3725 6,
638 3675 663 3711 e.
679 3674 724 3712 ro.
776 3664 781 3688 ³

331 3753 374 3830 (a)
397 3754 538 3824 Severin,
556 3773 583 3810 c.
600 3773 611 3808 1
630 3754 678 3810 cit.
693 3775 785 3830 supra
799 3755 837 3812 ad
848 3777 879 3812 n.
896 3757 945 3813 31.

331 3849 375 3930 (3)
396 3853 466 3909 Vid.
480 3855 603 3930 Murry,
621 3866 725 3930 quast.
751 3855 829 3915 med.
853 3857 944 3918 Paris.
968 3875 1092 3935 propos.
1111 3858 1159 3920 die
1181 3861 1231 3916 ult.
1245 3877 1290 3917 an.

230 3961 238 3972 ⁷
294 3957 386 4028 1749,
402 3972 433 4008 n.
447 3959 479 4021 l.
