2782 4652
187 471 189 474 -
275 443 351 532 448.
447 465 492 512 nn
517 463 663 512 snnmus
688 456 732 512 nr
757 463 881 514 caus1s
906 463 1116 517 nonnonun

277 577 456 652 ciebatur.
495 577 642 650 Scilicet
668 575 754 649 hilis
784 601 867 674 qnae
900 594 1033 676 cystim
1069 579 1285 680 hepaticam
1380 555 1381 562 ἵ

279 697 396 770 ferme
419 694 621 795 implebat,
643 711 686 767 ut
700 694 899 785 exsudans,
918 698 1096 771 intestina
1111 703 1289 798 proxima

280 814 418 890 fecerat
451 814 614 886 exterius
648 812 765 902 flava,
794 815 845 886 sic
882 814 1106 908 influendo,
1146 816 1290 891 fecerat
1380 875 1381 878 η

279 937 390 1008 etiarn
406 933 573 1007 interius.
583 935 695 1004 Jecur
706 955 795 1004 vero
808 932 1040 1006 subcaeruleo
1053 933 1125 1007 suit
1141 936 1291 1026 colore,
1381 1017 1382 1030 χ

280 1053 336 1126 uti
353 1065 390 1124 et
407 1051 504 1137 lien;
524 1047 589 1120 sed
609 1049 679 1118 etsi
701 1047 748 1119 ad
763 1048 862 1120 illius
875 1049 1110 1147 crepidinem
1130 1054 1165 1124 is
1181 1053 1290 1124 color
1316 1031 1320 1042 ’
1381 1045 1382 1098 f

280 1167 566 1242 saturatiorerat
579 1217 588 1252 ,
603 1188 790 1262 nusquam
798 1180 923 1238 tamen
934 1165 1033 1238 ultra
1043 1191 1085 1239 su
1089 1167 1291 1266 perficiem

186 1351 192 1374 ,
281 1283 482 1387 pergebat,
501 1297 543 1354 ut
564 1307 690 1380 neque
704 1283 743 1352 in
760 1283 871 1355 liene.
889 1285 955 1354 Hic
974 1284 1170 1375 modicuS,
1182 1289 1293 1384 jecur

280 1419 405 1478 autem
431 1424 631 1498 magnurn3
660 1397 725 1472 sed
756 1423 888 1472 sanum
913 1403 1037 1474 viscus
1064 1418 1290 1504 utrumque.

254 1515 443 1594 ¹Thorace
473 1517 642 1605 recluso,
675 1516 903 1614 pulmones,
932 1520 1011 1624 qui'
1029 1521 1092 1590 vix
1124 1522 1292 1612 alicubi,
1382 1597 1383 1632 ,

251 1640 396 1737 ‘idque
414 1662 437 1709 a
458 1651 588 1733 terg0,
613 1633 661 1705 ad
680 1634 850 1732 pleuram
890 1633 1158 1727 adhaerebant,
1185 1658 1293 1713 erant
1382 1675 1383 1680 ¹

280 1757 405 1857 potius
429 1751 588 1850 turgidi,
618 1767 655 1823 et
685 1750 913 1848 quibusdam
931 1753 1024 1825 locis
1059 1756 1292 1850 majusculas

187 1959 188 1962 Ἴ
280 1871 530 1949 ostendebant
544 1893 687 1956 aereas,
714 1870 891 1940 nonnihil
913 1869 1110 1969 superficie
1137 1875 1290 1973 reliqua

280 1994 452 2076 altiores,
471 1985 653 2084 inquibus
669 1983 865 2060 manifesto
884 1987 1118 2088 apparebant
1129 1992 1292 2064 inclusa

278 2112 384 2210 quasi
399 2105 579 2180 vesiculae.
595 2104 728 2175 Nullus
742 2107 900 2174 omnino
913 2105 1163 2180 intermedius
1174 2109 1290 2184 lobus
1383 2157 1384 2210 3

256 2229 385 2302 luite
405 2225 559 2308 dextris,
588 2221 652 2294 sed
675 2225 727 2296 ita
747 2245 807 2294 res
831 2222 889 2294 ibi
915 2247 953 2294 se
984 2221 1175 2314 habebat‘,
1196 2245 1243 2300 ut
1269 2254 1289 2300 a

239 2399 244 2409 ,
280 2344 447 2420 sinistris.
467 2333 681 2412 Pericardio
697 2343 837 2434 inciso,
851 2339 994 2412 nullam
1004 2343 1097 2413 ineo
1109 2342 1289 2419 humoris

278 2479 421 2564 guttam
430 2447 1090 2564 inveni,faciemqueejusintcriorern
1099 2460 1290 2536 hactenus

274 2579 497 2668 humidam,
534 2591 578 2648 ut
606 2600 694 2648 nonv
719 2600 874 2673 prorsus
911 2575 1017 2648 cordi
1054 2578 1288 2670 adhaereret,
1384 2613 1385 2676 j

276 2697 447 2800 quamvis
476 2691 625 2769 alicubi.
641 2695 717 2790 jam
741 2695 848 2790 quasi
869 2694 1058 2774 adhaerere
1084 2697 1285 2796 inciperet.

274 2823 319 2890 In
334 2814 599 2910 corde'par‘um
616 2811 774 2884 omnino
794 2813 985 2909 sanguinis
1004 2809 1092 2901 fuit;
1111 2839 1161 2884 an
1180 2817 1285 2913 quod
1384 2807 1385 2864 l

275 2933 368 3007 dum
398 2932 541 3026 majora
568 2929 637 3006 sub
670 2928 953 3030 diaphragmate
984 2947 1155 3003 secarent
1176 2957 1285 3021 vasa,

274 3034 385 3124 antea
401 3047 631 3137 defluxisset,
658 3048 861 3145 prasertim
883 3071 966 3118 cum
988 3050 1127 3147 passim
1146 3050 1187 3120 in
1207 3051 1282 3122 hoc

273 3166 453 3242 cadavere
507 3166 658 3264 sanguis
698 3165 978 3238 animadversus
1022 3168 1068 3238 sit
1112 3166 1284 3242 fluidus?

177 3337 180 3344 ι
272 3285 544 3382 concretiones
560 3282 796 3378 tameu'duap
809 3277 1016 3382 polyposas'
1027 3283 1284 3383 deprehendi,

273 3427 435 3503 quarum
447 3426 523 3472 una
535 3427 580 3472 ex
596 3401 763 3475 auricula
777 3398 932 3472 dextera
946 3403 985 3470 in
998 3425 1133 3477 venam
1149 3429 1277 3476 cavam

271 3521 523 3621 superiorem,
542 3519 677 3612 altera,
696 3543 778 3616 quae
796 3519 910 3617 paulo
923 3533 1002 3590 erat
1017 3521 1277 3618 spectabilior,

269 3665 315 3715 en
347 3637 558 3712 ventriculo
591 3637 759 3734 ejusdem
787 3637 912 3710 lateris
936 3640 975 3708 in
1010 3637 1275 3736 pulmonarem

194 3759 197 3767 '
269 3757 454 3830 arteriam¹
470 3753 670 3853 pergebat,
699 3769 798 3828 teres
822 3779 893 3826 nec
919 3755 1079 3851 digitulo
1103 3759 1272 3831 crassior.
1311 3735 1316 3748 ⁵

267 3877 445 3948 Granium
458 3872 641 3969 denique,
657 3887 695 3943 et
708 3897 834 3944 crassa
844 3873 999 3975 meninx
1012 3895 1276 3945 cumseearen·

268 4008 351 4096 tur,
391 3989 487 4084 nihil
526 3991 691 4063 occurrit
712 3989 959 4072 adnotatione
992 3989 1165 4088 dignum.
1206 3990 1273 4064 Sed
