2746 4662
852 267 858 302 l

660 411 673 440 Ι

228 519 231 526 -
261 466 330 556 134
423 493 470 540 nn
497 491 643 545 seriens
669 492 712 540 rr
738 472 862 542 causis
888 491 1099 540 normann

257 622 431 680 anatome
442 631 558 704 quam
571 608 609 676 in
626 606 820 704 gymnasio
835 619 927 678 tunc
939 603 1147 693 habebam,
1167 617 1277 704 spec·'
1359 641 1360 644 ¹

256 737 355 796 taret
374 723 421 796 ad
435 722 574 811 finem,
595 737 721 794 tamen
743 723 906 796 oblatam
924 722 1145 821 hujusmodi
1160 722 1268 796 cada-

256 843 355 913 veris
367 843 508 915 viscera
525 841 813 940 perscrutandi,
830 865 1048 940 aegrumque
1070 855 1194 914 artum
1209 840 1268 910 in·

255 957 504 1058 trospiciendi
522 955 736 1030 facultatem
754 957 942 1058 negligere
964 959 1083 1030 nolui.
1109 961 1155 1028 ln
1184 958 1271 1054 qui·

256 1075 329 1148 bus
354 1074 432 1146 baec
465 1090 600 1172 praeter
630 1093 772 1148 naturae
810 1074 967 1148 modum
1005 1075 1268 1148 animadverti.

256 1191 456 1266 Abdomen
488 1193 670 1292 postridie
704 1195 836 1268 mortis
873 1193 1156 1282 subtumidum,
1190 1217 1270 1264 non

229 1295 231 1315 ¹
257 1311 367 1384 aliam
380 1327 506 1384 tamen
527 1311 578 1386 ob
591 1335 761 1403 causam,
780 1313 853 1385 nisi
866 1311 969 1410 quod
982 1337 1066 1400 aer,
1081 1313 1273 1385 intestinis
1360 1313 1361 1354 ³

259 1429 451 1518 inclusus,
469 1429 547 1503 baec
567 1456 723 1530 quoque
737 1431 955 1504 subtumida
981 1428 1155 1518 faciebat,
1183 1455 1272 1502 cum
1360 1445 1361 1448 ’

260 1546 421 1618 incisum
444 1565 557 1637 esset,
587 1564 698 1647 atquc
736 1547 957 1638 diductum,
989 1563 1188 1620 omentum
1209 1571 1275 1646 ap·

258 1667 384 1762 paruit
418 1690 568 1740 sursum
607 1681 730 1740 totum
758 1669 809 1740 ita
840 1683 1065 1755 retractum,
1104 1663 1274 1738 ut-inira

258 1796 509 1859 transversam
532 1784 606 1855 coli
628 1799 794 1882 partem,
815 1811 928 1882 quam
950 1783 1169 1884 operiebat,
1193 1809 1275 1856 non

260 1897 518 1974 descenderet.
540 1903 636 1976 Lien
653 1911 760 2000 aequo
785 1906 927 2000 major,
949 1919 986 1975 et
1009 1901 1116 1974 facile
1131 1903 1273 1974 lacera-

260 2015 356 2089 bilis.
383 2021 495 2096 Jecur
519 2019 726 2118 pallidum,
745 2035 782 2092 et
807 2045 1049 2118 quacumque
1063 2035 1169 2118 parte
1193 2019 1276 2091 dia-

259 2133 444 2234 phragma
455 2135 667 2233 spectabat,
687 2152 789 2209 arcte
810 2137 905 2210 adeo
920 2162 1008 2209 cum
1030 2137 1105 2209 boc
1135 2161 1277 2208 conna-

262 2266 362 2340 tum,
376 2268 419 2326 ut
433 2252 663 2326 membrano
680 2271 885 2353 utrumque
911 2256 1171 2343 investientes,
1194 2279 1276 2326 non

263 2367 365 2457 duae,
381 2368 447 2439 sed
466 2393 541 2440 una
551 2395 629 2442 esse
639 2371 867 2443 viderentur.
884 2371 1005 2443 Fellea
1021 2373 1131 2470 cystis
1142 2370 1277 2444 oblon-

263 2512 325 2584 ga,
340 2501 377 2558 et
395 2488 562 2587 pinguiS,
576 2489 644 2562 etsi
658 2490 828 2562 vitellino
840 2490 969 2562 colore
985 2491 1152 2562 exterius
1171 2505 1277 2578 erat,

261 2603 377 2676 bilem
395 2619 521 2680 tamen
540 2631 585 2680 ex
598 2605 696 2680 llavo
713 2608 894 2697 viridem,
915 2633 1073 2705 eamque
1097 2605 1279 2695 fluidam,
1361 2597 1362 2692 l

261 2750 341 2806 non
359 2721 612 2814 faeculentam,
630 2740 667 2797 et
684 2725 872 2814 calculos,
893 2728 933 2796 in
946 2725 1103 2796 bomine
1127 2749 1210 2797 non
1225 2728 1277 2798 ic·

260 2841 653 2940 terico,undeviginti
680 2842 908 2916 continebat.
931 2843 977 2914 Hi
997 2857 1109 2914 erant
1137 2867 1274 2915 omnes

260 2958 300 3026 in
321 2955 463 3050 fundo,
482 2983 553 3030 nec
574 2961 637 3030 alii
661 2985 848 3064 usquam,
872 2961 945 3032 nisi
970 2958 1069 3032 forte
1094 2961 1280 3033 minimus

264 3073 398 3170 aliquis
411 3075 511 3149 inter
528 3077 640 3174 cystis
664 3079 811 3150 tunicas
838 3079 877 3148 in
895 3075 1075 3176 glandula
1098 3081 1276 3177 quapiam

263 3189 425 3278 latebat,
451 3207 494 3264 ut
518 3195 670 3292 nigrum
687 3211 872 3294 punctum
889 3194 1081 3268 indicabat
1103 3195 1211 3293 quod
1238 3198 1276 3268 in

264 3331 343 3390 uno
358 3361 368 3394 ,
383 3321 447 3380 aut
462 3309 580 3382 altero
599 3309 707 3384 faciei
719 3313 909 3385 interioris
928 3311 1014 3384 loco
1033 3337 1106 3412 per
1130 3315 1279 3385 tunicas

264 3424 590 3521 transpiciebatur.
614 3429 691 3501 Sed
709 3430 736 3500 ii
755 3429 802 3504 de
819 3427 961 3528 quibus
978 3429 1105 3502 dicere
1124 3429 1276 3534 incepe-

265 3563 363 3630 ram,
378 3539 609 3618 subrotundi
629 3571 781 3637 omnes,
806 3547 969 3637 modici,
991 3548 1114 3646 nigri,
1142 3571 1276 3648 supen-

264 3655 347 3730 licie
376 3683 555 3758 granoso,
583 3662 679 3734 nihil
707 3665 824 3764 magis
855 3690 968 3764 quam
996 3689 1104 3741 mora
1129 3682 1276 3742 matura

265 3801 344 3850 esse
370 3777 608 3852 videbantur.
629 3783 704 3874 Qui
727 3807 749 3854 a
775 3806 836 3853 me
856 3783 1040 3864 continuo
1069 3785 1108 3852 in
1138 3806 1274 3882 aquam

267 3896 443 3994 conjecti,
469 3897 571 3970 illico
591 3923 725 3971 omnes
748 3898 908 3972 fundum
930 3901 1092 4004 petiere,
1113 3915 1151 3972 et
1170 3901 1212 3970 in
1231 3923 1277 3971 eo

265 3995 450 4122 quievere.
472 4015 543 4088 Sed
561 4040 606 4089 ex
627 4041 670 4090 ea
686 4042 774 4091 mox
794 4017 945 4108 educti,
970 4032 1109 4116 etpost
1129 4017 1275 4117 aliquot
