2700 4660
590 387 598 426 Ι

279 451 350 550 276
443 476 490 524 os
516 471 662 523 seorsus
687 473 732 520 m·
757 471 881 522 causis
908 455 1120 522 uouaoa‘uu
1336 543 1337 548 ¹

277 608 360 690 quae
378 615 490 689 supra
501 591 555 686 (1)
571 602 786 659 memoratae
800 602 907 678 sunt,
928 589 1088 684 junctis,
1105 593 1268 688 praeclara
1334 687 1335 690 Ἴ

275 709 517 808 intelligitur,
532 709 697 804 primum
713 729 755 776 ac
774 708 970 805 proprium
991 706 1162 780 devorati
1184 731 1269 780 arse·
1334 797 1335 822 7

273 829 366 918 uici,
378 841 415 898 et
431 822 616 921 ejusmodi
626 823 912 894 corrodentium
921 848 1160 896 venenorum
1173 824 1269 898 ellec-
1333 823 1335 888 l

272 961 355 1018 tum
380 943 441 1018 edi
456 945 511 1012 -in
533 943 632 1040 ipsas
665 941 816 1014 intimas
842 941 981 1013 canalis
1011 941 1269 1016 alimentorum
1333 923 1335 1002 l

273 1065 444 1150 tunicas,
460 1047 663 1134 ventriculi
695 1061 921 1158 praesertim,
941 1063 980 1132 in
1014 1085 1093 1158 quo
1114 1063 1269 1160 primum

269 1195 488 1267 morantur,
514 1179 667 1252 irritatis
687 1201 815 1250 earum
833 1180 977 1278 nervis,
994 1179 1164 1277 ipsisque
1180 1182 1268 1250 tuni-

272 1282 325 1370 cis
342 1300 597 1396 compunctis,
613 1309 668 1379 et,
703 1297 733 1367 si
753 1310 905 1394 tempus
924 1295 1055 1385 detur,
1072 1296 1268 1370 inflamma·

269 1417 339 1506 tis,
357 1417 594 1504 exulceratis
611 1411 821 1512 perforatis.
835 1419 966 1511 Itaque
986 1416 1027 1486 in
1045 1415 1268 1512 ejuscemodi

269 1531 487 1605 infortuniis
512 1531 609 1602 nihil
635 1529 806 1602 accidere
826 1527 972 1604 felicius
994 1517 1142 1630 potest,
1162 1556 1267 1630 quam

270 1665 313 1722 ut
332 1647 564 1722 ventriculus
582 1646 621 1717 id
649 1647 755 1744 quod
781 1649 955 1745 ingessit,
984 1649 1129 1744 rejiciat
1154 1651 1266 1740 illico,

268 1783 333 1841 aut
358 1781 457 1838 certe
480 1789 596 1863 quarn
629 1766 831 1864 citissime:
852 1766 955 1838 unde
977 1769 1168 1866 praecipue
1202 1767 1267 1840 sac·

266 1901 346 1959 tum
361 1899 433 1969 est,
452 1885 570 1981 utqui
590 1884 709 1955 curati
727 1898 847 1954 sunta
860 1883 972 1956 nobis
985 1883 1058 1982 (a),
1077 1889 1263 1959 evaserint.

272 2005 374 2096 Quin
394 2001 514 2073 multo
535 1998 679 2073 felicius
705 2025 890 2099 generoso
908 2001 1057 2073 cuidam
1074 2004 1158 2074 viro
1184 2006 1266 2078 aeci·

266 2123 338 2208 dit,
356 2136 399 2192 ut
427 2144 513 2191 cum
549 2143 620 2217 pro
648 2143 819 2191 cremore
847 2121 977 2192 tartari
1007 2120 1115 2194 binas
1145 2125 1263 2196 tartari

265 2240 414 2312 emetici
439 2237 637 2308 drachmas
658 2238 900 2334 sumpsisset,
918 2263 1007 2330 mos
1028 2239 1176 2337 aliquot
1194 2267 1263 2313 non

264 2355 661 2455 sine‘praecordiorum
682 2355 878 2452 angustiis,
899 2357 1076 2428 insecutis
1096 2361 1263 2430 vomitio-

262 2473 376 2546 nibus
390 2472 437 2544 ab
454 2475 560 2547 omni
575 2467 776 2544 v'entrieuli
787 2472 1032 2545 incommodo
1046 2475 1194 2548 solutus
1210 2478 1262 2563 sit,

261 2594 437 2666 censente
449 2589 776 2688 chethardingio
788 2589 864 2688 (3),
881 2591 943 2662 vix
954 2593 1151 2666 nonnullis
1162 2593 1264 2692 phar·
1292 2625 1295 2648 ι
1333 2621 1334 2643 ³

157 2750 171 2776 κ.
259 2709 357 2782 maci
374 2708 571 2780 moloculis
583 2707 791 2795 dissolutis,
820 2721 857 2778 et
881 2707 928 2778 ad
946 2709 1180 2782 vomendum
1211 2711 1261 2783 sti·
1334 2749 1335 2756 κ

170 2815 172 2819 ⁴
218 2889 226 2916 „
259 2825 507 2913 mulantibus‚
532 2849 611 2896 nou
624 2824 753 2895 datum
764 2848 844 2896 esse
860 2839 1009 2922 tempus
1026 2825 1259 2899 dissolutioni

257 2943 514 3040 reliquarum,
549 2941 615 3012 sed
641 2965 798 3028 omnes,
826 2963 907 3038 quae
936 2955 1036 3014 certe
1067 2941 1258 3016 homiuem

256 3073 360 3131 tanta
382 3059 444 3128 illa
466 3058 573 3154 copia
593 3060 858 3155 peremissent,
880 3055 992 3131 fuisse
1019 3059 1188 3156 rejectas.
1217 3064 1257 3132 At
1337 3075 1338 3090 ¹

256 3174 344 3248 suirt
373 3177 440 3271 qui
483 3189 619 3247 natura
663 3176 790 3248 minus
823 3176 871 3246 ad
904 3177 1137 3249 vomendum
1178 3191 1257 3251 sunt

255 3293 435 3392 prompti.
451 3293 676 3366 Suntsetiam
697 3290 836 3388 quibus
850 3293 1037 3388 ejusmodi
1059 3297 1099 3366 in
1117 3297 1254 3369 casibus

256 3409 542 3482 contenduntur
567 3409 662 3480 adeo
684 3407 787 3480 fibrae
808 3408 942 3480 orificii
964 3412 1104 3487 sinistri
1127 3413 1256 3486 ventri·
1337 3419 1338 3440 ¹

165 3514 173 3532 κ
254 3528 355 3615 culi,
379 3541 415 3598 et
434 3525 544 3624 gulae,
573 3542 616 3599 ut
636 3523 742 3598 libris
767 3514 952 3598 resistant
980 3549 1018 3646 se
1039 3531 1094 3601 iu*
1113 3531 1249 3628 reliquo

170 3847 184 3881 “.
270 3828 334 3912 ,(1)
356 3833 395 3887 Ν.
418 3829 453 3902 3,
472 3837 487 3897 i
503 3827 573 3886 et5.

290 3929 335 4006 (2)
355 3931 394 3984 N.
412 3928 430 3984 6
448 3941 476 3985 et
494 3949 522 4001 7.

287 4027 342 4107 (3)¹
352 4028 429 4103 Eph.
443 4029 482 4087 N.
497 4029 531 4087 C.
549 4037 627 4086 cent.
641 4045 677 4103 9,
688 4027 754 4084 obs.
771 4033 823 4100 74,
838 4045 905 4118 curu
922 4025 1016 4086 schol.
