2700 4660
106 509 175 556 nm.
191 507 242 555 rv.
258 497 305 553 n'r
317 502 661 568 monarsomauno„
675 492 744 550 etc.
758 504 870 552 rnrsr.
888 503 960 552 nix.
990 479 1058 552 261

62 637 199 710 essent,
222 619 320 691 redit
336 619 399 691 ille
413 645 422 706 3
438 641 508 716 ego
523 631 647 689 autem
663 617 755 704 alia,
774 629 811 686 et
827 617 867 685 in
882 614 941 688 his
956 615 1062 690 deni·

63 765 134 837 que
151 735 435 836 laudaniopiati
449 741 609 836 granum
621 759 739 805 unum
761 732 919 830 praeberi
931 732 1066 830 jubeo,

65 861 92 927 si
110 881 188 926 non
203 854 420 954 prodesset,
445 855 523 952 ipse
548 867 740 923 venturus.
764 851 944 922 Laudano
964 853 1066 948 ¹quo-

66 999 132 1069 que
161 987 251 1070 post
280 971 381 1042 horae
409 970 657 1068 quadrantem
685 969 848 1065 rejecto,
867 993 999 1066 surgo,
1031 979 1071 1038 et

68 1115 147 1161 cum
164 1113 211 1160 eo
230 1089 438 1160 domestico
456 1087 507 1158 ad·
526 1111 666 1186 aegrum
683 1111 738 1158 eo.
760 1091 865 1158 Inter
878 1084 1071 1171 eundum,

68 1211 218 1278 miratus
241 1207 424 1278 vomitum
446 1207 526 1310 sipe
543 1203 742 1276 manifesta
759 1227 872 1276 causa
887 1219 962 1274 tam
982 1227 1069 1302 per·
1142 1212 1143 1220 ’

69 1325 246 1412 tinacem,
263 1338 415 1421 tamque
433 1347 585 1420 gravem
602 1321 726 1393 subito
739 1321 920 1408 extitisse,
942 1343 1068 1417 quaero

69 1427 268 1512 num'forte
288 1439 430 1540 aliquid
449 1466 546 1538 aeger
562 1441 790 1538 peccaverit,
816 1455 853 1510 et
870 1439 978 1535 plu5‚
1005 1445 1071 1509 a'ut

71 1559 164 1629 aliud
191 1584 307 1656 quam
339 1557 482 1629 dietum
507 1571 621 1644 esset,
649 1560 688 1626 in
715 1581 827 1655 ¹coena
857 1537 1068 1656 sum'pserit.

70 1678 211 1773 Negans
245 1675 491 1762 domesticuS,
516 1677 615 1761 imo,
647 1675 787 1770 inquit,
813 1673 908 1744 nihil
936 1689 1072 1771 praeter

43 1795 46 1801 “
72 1817 200 1890 panem
222 1793 330 1864 illum
351 1793 508 1890 sumpsit
523 1793 657 1887 injure
674 1806 842 1878 coctum,
863 1805 901 1861 et
915 1791 1072 1887 pulvere

74 1935 144 2006 quo
162 1927 202 1982 tu
220 1912 401 2008 jusseras,
415 1909 463 1981 ab
480 1911 524 1981 N.
545 1933 801 2006 conspersum.
816 1912 893 2006 Ego
904 1931 993 1977 vero
1006 1908 1073 2002 qui

74 2027 214 2100 nullum
230 2028 425 2125 pulverem
445 2029 613 2126 inspergi
626 2025 829 2123 jusseram,
848 2039 883 2096 et
899 2049 976 2122 quo
993 2047 1079 2096 esse.

77 2161 195 2239 posset
212 2147 341 2217 auimo
358 2148 388 2217 is
404 2147 469 2245 qui
480 2147 725 2243 insperserat,
739 2169 817 2214 non
832 2137 1073 2240 ignorabam,

78 2263 206 2334 tacitus
238 2262 330 2360 quid
368 2263 462 2334 mihi
497 2263 673 2360 protinus
707 2259 944 2348 facienrhim,
981 2259 1075 2357 quid
1116 2251 1120 2262 ’

80 2377 277 2468 silendum,
290 2381 383 2478 quid
396 2381 435 2450 in
451 2395 643 2480 posterum
655 2435 666 2467 ,
687 2395 722 2450 et
736 2377 930 2475 quomodo
943 2401 1075 2480 eaveu·

80 2493 162 2565 dum
180 2512 298 2582 esset,
318 2497 538 2603 'cogitabam
558 2502 715 2596 Jamque
735 2495 781 2566 ad
801 2520 940 2591 agrurn
961 2519 1076 2565 vene-

81 2635 152 2682 ram
164 2640 245 2686 non
264 2629 339 2685 tarn
360 2614 407 2685 de
428 2615 591 2701 vomitu,
616 2637 730 2710 quarn
753 2611 799 2682 de
823 2609 1077 2708 inexplicabili

82 2731 389 2830 quodamangore
400 2731 447 2803 ad
458 2728 1077 2818 cordis,utvocant,scrobiculum

84 2847 208 2921 misere
220 2865 464 2946 querentem,
477 2864 513 2918 et
527 2871 636 2947 opem
657 2846 937 2946 quamprimum
949 2846 1079 2944 implo

85 2963 1082 3062 nantem.Nullaibi,autinreliquaventriculiregioue

86 3085 217 3172 tensio,
248 3083 376 3154 nullus
394 3081 520 3178 dolor.
544 3087 588 3152 At
605 3080 791 3178 singultus
810 3103 893 3150 curn
911 3080 1082 3151 ructibus

41 3269 43 3275 Α
89 3217 191 3293 saepe,
224 3194 268 3272 et'
287 3223 381 3298 saepe
413 3198 582 3296 quaedam
606 3197 864 3296 respirationis
883 3180 1083 3270 fflcultas

89 3313 236 3390 molesta
256 3333 346 3388 erat.
360 3317 493 3388 Pulsus
509 3315 616 3386 valde
637 3313 832 3412 frequens3
858 3314 922 3386 sed
947 3337 1084 3412 parvus
1183 3337 1186 3350 ‘

92 3433 220 3523 potius,
242 3449 278 3505 et
306 3433 450 3504 debilis.
482 3437 588 3502 Bono
621 3434 749 3510 animo
774 3447 874 3530 estq,
901 3434 1084 3529 inquam:

87 3566 266 3640 ¹quantum
284 3551 390 3648 pravi
409 3551 581 3620 humoris
602 3550 771 3644 ejeceris,
793 3548 896 3619 vides
924 3547 980 3644 (et
1003 3549 1088 3645 plu-

94 3661 222 3737 rimum
244 3691 332 3738 sane
352 3681 450 3755 erat,
473 3665 616 3737 viscido
643 3691 723 3776 quq
744 3667 834 3762 ipse}
852 3663 1091 3754 abundabat,

98 3775 298 3881 phlegmate
316 3797 604 3882 supernatante,
622 3781 763 3854 inimo
785 3795 909 3852 autem
927 3797 1005 3850 erat
1026 3805 1089 3878 pa·
1119 3851 1123 3856 .

98 3893 149 3964 llis
178 3925 289 3996 quem
329 3913 563 3998 sumpserat,
592 3922 662 3968 neo
700 3898 832 3996 primis
868 3896 1097 3985 vomitibus,

101 4009 158 4081 sed
175 4017 316 4116 aliquot
335 4032 422 4116 post
441 4007 802 4111 horis‘reddiderat)
822 4038 924 4086 rinno
943 4016 1096 4112 optimo
