2700 4660
313 403 384 491 add
473 425 520 474 nn
546 421 692 474 suniam
716 421 911 472 encausta
934 423 1145 474 nonnosum
1208 446 1232 472 ,ι
1340 405 1341 420 ’

311 539 451 612 nostris
475 539 642 639 epistolis
666 538 875 636 intelligere
901 539 1080 636 potuisti:
1104 565 1186 610 non
1209 539 1307 611 raris-

314 659 406 731 sime
430 658 488 729 vel
508 659 548 728 in
565 657 639 728 illis
656 653 885 746 offenditur,
903 657 944 727 in
973 655 1113 754 quibus
1138 681 1160 728 a
1188 671 1308 728 natura
1340 713 1341 750 ἶ

314 777 460 876 potius,
486 797 600 871 quam
620 790 648 844 a'
664 773 826 861 morb0,
853 775 907 844 sic
933 797 1013 846 esse
1035 773 1223 846 videatur.
1250 773 1309 846 Sed
1340 763 1341 808 l

220 886 224 902 ⁴
315 918 402 966 cum
421 890 552 964 oculos
568 892 745 962 attentius
764 887 973 988 defigerent
983 918 997 978 ‚·
1019 915 1135 964 venas
1152 917 1237 988 qua
1255 915 1311 988 per

219 1095 221 1100 Ι
242 1057 246 1069 ,
314 1006 585 1094 ventriculum,
602 1021 815 1092 omentum,
832 1023 869 1079 et
888 1001 1156 1080 intestinorum
1178 1022 1310 1106 partem

317 1124 544 1198 mesenterio
568 1149 776 1213 annexam,
803 1123 1000 1215 feruntur,
1024 1125 1133 1198 valde
1155 1151 1237 1198 esse
1253 1123 1310 1198 dis·
1340 1177 1341 1210 t

316 1258 460 1330 tentas,
484 1243 841 1316 animadverterunt.
871 1243 1061 1316 =Dissecto
1092 1242 1310 1328 ventriculo,

316 1359 475 1434 viridem
490 1361 528 1430 in
543 1386 588 1433 eo
601 1359 803 1446 hiu'norem
813 1359 997 1432 mediocri
1011 1361 1118 1458 copia
1130 1359 1311 1444 viderunt;
1340 1377 1341 1460 t

319 1501 398 1574 quo
422 1477 587 1572 abjectu,
605 1476 702 1548 nihil
728 1501 889 1573 usquam
917 1476 1078 1549 laesionis
1108 1477 1150 1552 in
1177 1476 1311 1554 deterso

225 1657 227 1660 .
319 1593 531 1666 ventriculo
552 1607 746 1690 repertum
764 1607 836 1681 est,
868 1593 940 1664 nisi
973 1592 1076 1690 quod
1109 1617 1215 1690 rugae
1246 1605 1341 1696 qua}

320 1736 390 1810 per
416 1708 578 1784 fundum
625 1735 745 1808 prope
776 1725 946 1792 antrum,
963 1710 1088 1809 pyloni
1117 1709 1311 1782 secundun
1340 1705 1341 1798 l

319 1829 596 1928 longitudinem
612 1827 873 1917 ducebantur,
893 1853 1001 1924 aequo
1021 1827 1196 1900 duriores
1212 1826 1309 1898 fuere.

318 1947 452 2044 Neque
467 1961 601 2047 practer
614 1946 926 2019 consuetudinem
946 1945 1153 2044 quidquam
1174 1947 1217 2016 in
1231 1945 1310 2016 duo·
1340 1953 1341 2040 l

319 2063 440 2153 deun,
459 2065 563 2162 quod
581 2080 825 2163 aperuerant,
846 2065 1025 2138 intestino
1041 2056 1310 2162 deprehensum

321 2198 397 2272 est,
424 2183 492 2254 etsi
518 2206 596 2252 non
629 2183 710 2254 sine
730 2181 871 2280 codem·
897 2182 1008 2254 viridi
1038 2181 1203 2254 humore
1237 2178 1311 2266 fuit,

320 2323 434 2396 quem
455 2301 495 2369 in
524 2299 736 2370 ventriculo
763 2313 1063 2398 conspexerant3
1106 2322 1204 2374 anua
1233 2298 1312 2383 hile,

321 2441 538 2516 quanquam
572 2415 686 2512 hujus
719 2417 883 2496 vesicula
910 2413 1104 2497 moderate
1128 2417 1243 2515 plena
1262 2439 1311 2486 oc·

214 2551 217 2562 ·
322 2535 458 2619 currit,
483 2533 573 2606 illuc
591 2530 725 2620 effusa,
749 2559 835 2606 cum
856 2533 1047 2632 acidisque
1081 2535 1207 2608 succis
1241 2557 1311 2632 per·

321 2654 447 2740 mistae
469 2675 558 2722 nam
583 2651 614 2723 is
635 2676 750 2748 quem
784 2650 959 2734 hauserat
992 2629 1154 2754 mulier,
1176 2653 1311 2750 nigrum

322 2769 451 2866 potius
467 2768 515 2842 ab
544 2769 705 2842 admisto
725 2772 815 2840 vino
839 2768 1006 2840 colorem
1037 2769 1259 2842 retinuisset.
1279 2771 1311 2836 In

321 2886 498 2975 thorace,
519 2885 649 2958 dexter
666 2887 797 2984 pulmo
814 2886 862 2958 ad
886 2887 1055 2984 pleuram
1078 2910 1262 2974 annexus,
1284 2895 1312 2952 et

316 3002 428 3099 *valde
448 3017 592 3100 atergo
608 3003 772 3092 rubens,
801 3002 944 3100 aliquid
972 3004 1080 3082 intus*
1101 3005 1208 3100 quasi
1234 3025 1310 3074 cona

322 3121 415 3190 creti
430 3121 620 3217 sanguinis
639 3119 779 3194 habere
806 3121 905 3192 visus
924 3135 989 3192 cst.
1013 3124 1060 3190 At
1080 3121 1229 3192 sinister
1245 3139 1309 3187 nou
1340 3117 1341 3200 l

321 3236 621 3336 modouudique
641 3239 803 3327 solutus,
826 3237 890 3310 sed
910 3239 961 3308 ita
978 3238 1017 3308 in
1036 3262 1075 3309 se
1102 3236 1309 3318 concidens,

320 3369 364 3425 ut
385 3354 416 3424 si
434 3354 536 3426 intus
553 3354 647 3426 nihil
664 3343 894 3427 ferme‘aeris
917 3369 1013 3426 esset
1035 3355 1247 3451 reliquum,
1260 3350 1309 3420 vix

224 3537 227 3544 .
320 3487 445 3544 autem
462 3494 482 3542 a
497 3485 604 3568 tergo
623 3471 798 3544 nonnihil
813 3471 966 3544 rubens.
988 3475 1032 3542 In
1048 3471 1175 3543 cordis
1193 3466 1310 3544 ventri·
1340 3487 1341 3580 ζ

322 3585 528 3659 culisnihil
550 3611 707 3685 prorsus
722 3603 801 3660 erat
818 3589 894 3660 sive
912 3585 1018 3658 fluidi
1043 3587 1234 3685 sauguinis
1246 3585 1308 3656 sive
1340 3609 1341 3666 3

321 3705 498 3776 concreti.
512 3705 647 3799 Cujus,
665 3727 751 3776 curn
766 3707 912 3801 majora
920 3702 1307 3784 vasadissecarentur3

311 3821 590 3922 magnacopia‚
601 3821 666 3893 sed
682 3845 807 3919 neque
824 3824 863 3892 in
875 3844 1031 3920 grumos
1044 3823 1181 3910 coacti,
1197 3839 1306 3915 neque

317 3941 420 4036 justo
433 3937 642 4030 fluidioris,
657 3937 849 4036 profluxit.
866 3943 988 4036 Caput
999 3961 1079 4013 non
1098 3939 1258 4036 attigere.
1340 3987 1341 4010 t
