2858 4658
696 228 708 260 N

232 499 302 546 nra.
316 499 365 548 ιν.
381 501 429 548 nr
443 498 580 548 nonnis
592 499 789 566 cerauno,
805 490 874 554 etc.
888 501 1000 550 errsr.
1016 501 1072 550 cv.
1144 509 1166 582 7

153 627 200 686 ut
218 614 404 712 ingenue,
420 613 743 712 quemadmodum
772 603 903 688 solitus
918 639 1021 706 sum,
1038 633 1164 690 tecum

157 731 317 827 loquar;
340 732 508 828 primum
540 732 779 819 admonebo,
811 757 860 805 ne
892 733 1049 808 eruditis
1078 736 1169 808 viris
1217 739 1221 752 '

157 848 247 946 plus
263 847 426 939 tribuas,
445 873 560 946 quam
581 850 654 923 sibi
683 865 847 926 sumunt.
878 856 973 925 Nam
995 851 1100 950 quod
1121 852 1170 926 ad

157 967 360 1038 inventum
379 968 532 1054 attinet,
547 967 645 1041 nihil
662 966 807 1044 facilius
822 983 895 1058 est,
914 995 1027 1067 quam
1046 985 1170 1044 osten·
1236 1051 1240 1066 ι

158 1083 272 1172 dere,
294 1084 519 1158 animalcula
547 1085 610 1157 illa
635 1087 695 1168 vel
726 1087 847 1160 multo
873 1088 1170 1185 antiquioribus,

160 1227 276 1300 quam
295 1203 369 1300 ipsi
387 1219 619 1302 agnoscunt,
651 1201 763 1278 fuisse
786 1206 864 1302 jam
890 1219 991 1276 nota.
1021 1209 1107 1278 Non
1125 1208 1172 1280 iis

162 1319 414 1418 scriptoribus
436 1319 524 1394 dico
546 1345 643 1420 quos
664 1322 712 1394 ab
736 1324 971 1394 nonnemine
1000 1322 1172 1418 objectos

161 1462 240 1512 esse
255 1437 367 1510 video
383 1465 428 1510 ex
448 1439 605 1515 Daniele
623 1443 808 1513 Sennerto
825 1437 906 1538 (r),
925 1439 992 1512 ubi
1017 1439 1065 1512 de
1092 1465 1183 1514 ver--
1221 1465 1223 1470 ’

160 1554 290 1628 mibus
312 1554 415 1630 dorsi
434 1555 550 1629 verba
570 1553 678 1645 lacit,
707 1572 743 1630 et
762 1557 883 1649 multo
900 1557 1027 1629 minus
1043 1557 1088 1629 iis
1105 1558 1173 1654 qui

162 1698 319 1758 venam,
336 1687 380 1746 ut
398 1687 560 1761 vocant,
583 1673 844 1746 medinensem
872 1674 963 1746 olim
985 1698 1174 1747 memora-

161 1805 270 1878 runt,
285 1806 371 1889 post
387 1790 674 1890 Velschium(2)
692 1817 713 1863 a
731 1789 908 1890 Wepfero
924 1816 1078 1888 quoque
1090 1816 1174 1864 eon·

159 1907 367 1999 firmatam,
391 1924 434 1984 ut
464 1935 509 1982 ex
540 1911 735 2008 superiore
756 1913 807 1980 111
834 1909 1072 2008 Sepulchreti
1098 1933 1188 1981 sec-s

160 2029 266 2100 tione
279 2027 334 2126 (3)
350 2028 593 2101 intellexeris.
622 2027 694 2100 Sed
714 2029 760 2100 iis
778 2027 866 2100 dico
886 2027 952 2124 qui
973 2027 1085 2126 longe
1107 2027 1179 2098 mi·
1298 2121 1301 2126 A

161 2169 277 2234 nora,
306 2159 344 2218 et
369 2161 471 2220 certe
498 2145 673 2218 breviora
699 2145 944 2234 animalcula,
988 2143 1177 2240 ejusmodi

160 2262 289 2335 verbis
306 2287 565 2336 memoravero
583 2265 724 2364 quibus
737 2263 934 2336 Abenzoar
953 2262 1054 2361 apud
1065 2268 1177 2335 Joan·
1221 2297 1223 2308 ν

162 2405 254 2460 nem
282 2383 467 2480 Langium
498 2383 562 2479 (Δ)
598 2387 694 2454 Sunt
728 2383 829 2454 enim
861 2386 1025 2470 cr'rones,
1054 2380 1179 2477 inquit

162 2497 385 2588 Abenzoar,
401 2498 606 2597 poderem,
641 2500 832 2572 Arabibus
858 2499 1039 2570 arsoabat
1070 2496 1197 2614 dicu),

163 2621 234 2715 qui
246 2619 374 2690 subter
386 2633 506 2690 cutem
524 2631 561 2688 ec
581 2617 637 2687 ad
650 2641 802 2704 manus,
824 2631 862 2688 et
874 2639 985 2687 crura
1001 2629 1176 2714 serpunt:

160 2733 337 2833 pustulas
350 2758 501 2833 quoque
525 2760 630 2834 aqua
643 2735 782 2832 plenos
793 2734 863 2806 snb*
882 2747 981 2820 cute,
1003 2733 1071 2804 ubi
1085 2729 1180 2804 deli-

169 2839 328 2940 tescunl,
340 2876 343 2887 ·
356 2861 547 2924 excitant:
567 2879 645 2952 qua
670 2851 843 2938 dissecta,
864 2865 1078 2950 prorepunt
1100 2855 1186 2922 ani·

161 2963 337 3043 ‘malcula
357 2985 434 3040 tam
456 2997 598 3069 parua,
615 2985 657 3046 ut
675 2975 745 3042 vix
762 2975 863 3058 vasu,
884 2973 1052 3066 quamvis
1072 2993 1185 3068 pers-

163 3092 311 3186 picaci,
333 3111 433 3185 tegre
451 3089 683 3191 deprehendi
706 3095 866 3187 possint.
892 3092 1067 3159 Formam
1087 3109 1185 3183 quo-

174 3229 251 3301 que
268 3205 440 3303 ipsorum
460 3207 542 3280 aliis
556 3198 1190 3302 anteaiuissemicroscopiiauxilio

173 3346 255 3395 non
278 3323 532 3422 incognitam,
557 3349 644 3398 cum
664 3324 803 3398 Borelli
825 3323 1109 3396 observationes
1128 3321 1189 3390 in·
1261 3317 1264 3324 ’

216 3697 261 3779 (1)
283 3703 392 3761 Medic.
406 3716 501 3780 pract.
516 3707 539 3764 1.
554 3724 586 3779 a,
601 3725 634 3781 p.
648 3725 682 3780 a,
696 3727 721 3766 c.
737 3715 785 3777 al..
871 3672 876 3680 l

152 3881 159 3890 Η
217 3813 262 3896 (a)
285 3818 414 3876 Exercit.
427 3820 464 3878 de
477 3839 553 3880 vena
567 3822 678 3880 medin.

222 3924 264 4006 (3)
285 3930 411 4014 Adcbs,
428 3931 481 4003 26,
498 3935 592 3994 schol.
610 3954 640 3992 n.
656 3933 684 3992 5.

226 4041 270 4122 (4)
290 4046 325 4103 L.
343 4063 379 4120 a,
394 4047 486 4124 Epist.
501 4051 608 4109 medic.
623 4057 671 4120 la.
