2746 4662
276 386 326 488 96
445 411 493 462 ms
519 409 665 464 sacrans
689 412 733 460 ar
758 409 883 462 cauus
907 409 1121 464 uonaormr

275 526 488 624 Ruyscbius
515 527 568 624 (ι)
586 525 633 598 de
658 523 776 598 fracta
803 528 947 598 cervice
976 547 1171 625 superesse
1192 521 1299 598 nihil

279 639 596 742 deprehenderit,
612 641 653 712 id
679 642 795 739 longo
824 643 987 740 tempori
1011 642 1175 731 tribuas,
1199 641 1292 714 diu·

279 761 428 856 tiusque
441 761 607 856 repetitis
624 759 904 856 agitationibus,
921 776 957 832 et
974 757 1213 836 frictionibus
1225 761 1293 831 in·

281 892 339 948 ter
355 901 393 947 se
418 873 602 976 fragilium
628 878 783 960 cervicis
810 876 986 975 disruptas
1011 893 1293 965 extremorum,

280 1009 535 1093 praetereaque
550 994 723 1068 exedenti
740 995 778 1088 ri
791 996 935 1066 acrium
954 994 1247 1094 particularum,
1271 1019 1294 1066 e
1307 1023 1311 1030 ·

282 1110 661 1207 laesiS,vellicatisque
686 1109 916 1182 membranis
940 1110 1229 1200 destillantium,
1252 1125 1295 1185 et

282 1229 420 1308 cariem
438 1254 546 1300 mora
563 1227 810 1301 afferentium.
827 1229 940 1328 Quod
954 1253 1044 1302 vero
1055 1228 1103 1300 de
1116 1229 1297 1302 laceratis

282 1371 304 1418 a
320 1343 482 1418 fractura
494 1349 679 1444 periostiis
694 1348 988 1420 commemorari
1008 1349 1085 1442 la),
1106 1371 1186 1418 non
1198 1371 1293 1418 raro

282 1463 456 1536 videlicet
467 1462 634 1552 duriora,
650 1479 687 1535 et
704 1465 885 1536 crassiora
898 1463 1000 1554 fieri,
1017 1465 1057 1536 id
1075 1465 1295 1566 ligamentis

284 1606 440 1680 quoque
456 1582 647 1654 interdum
665 1581 852 1672 accidere,
867 1608 912 1654 ex
928 1581 1094 1656 secunda
1110 1564 1298 1679 intelligis

286 1679 558 1772 observatione.
573 1699 766 1792 Exeadem
780 1699 885 1798 quod
900 1699 946 1772 de
956 1677 1163 1778 estenuatis
1174 1699 1295 1772 habet

284 1817 402 1890 iliacis
419 1822 524 1888 venis
539 1871 548 1906 ,
561 1817 647 1888 laeso
657 1818 755 1888 artui
763 1816 1100 1916 respondentibus,
1117 1815 1297 1890 conferas

285 1935 400 2008 velim
420 1959 505 2005 cnm
530 1934 773 2024 dissectione,
799 1935 888 2008 alias
913 1934 970 2032 (3)
995 1934 1043 2006 ad
1068 1949 1105 2006 te
1133 1935 1298 2032 scripta,

287 2052 427 2125 claudae
443 2052 594 2124 alterius
612 2049 769 2122 feminae.
788 2053 1095 2150 Reperiesenim,
1115 2053 1296 2124 tenuiora

288 2169 398 2242 luisse
416 2147 523 2240 iliaca
540 2193 626 2242 vasa
647 2169 695 2242 ad
720 2169 899 2240 claudum
924 2185 1050 2242 artum
1072 2172 1295 2267 spectantia.

288 2293 434 2360 Venam
452 2304 577 2360 autem
599 2312 678 2360 non
702 2287 816 2360 modo
835 2312 904 2385 per
930 2285 1052 2358 femur
1076 2286 1170 2358 adeo
1191 2302 1298 2360 exte-

289 2420 442 2506 nuatam
454 2461 464 2496 ,
478 2405 541 2478 sed
555 2407 594 2476 in
614 2421 745 2477 ventre
754 2404 1058 2479 coalescentibus
1078 2403 1125 2476 ab
1144 2427 1225 2475 uno
1242 2405 1299 2492 la-

289 2538 369 2596 tere
381 2525 480 2594 inter
493 2547 531 2594 se
546 2523 755 2622 parietibus
766 2536 1016 2616 contractam,
1030 2522 1223 2596 adustium
1234 2547 1303 2610 au-

290 2657 367 2746 tem
393 2665 462 2754 per
488 2641 592 2738 quod
620 2642 811 2712 incanam
838 2637 984 2728 influit,
1015 2639 1301 2737 propemodum

291 2773 511 2838 occaecatam
532 2775 612 2829 non
637 2760 812 2856 reperies.
843 2761 999 2828 Perrara
1017 2759 1118 2828 euim
1143 2773 1200 2828 est
1217 2781 1301 2845 res,

291 2901 363 2946 nec
381 2876 577 2952 intellectu
590 2872 727 2963 facilis,
747 2890 832 2946 artu
850 2899 896 2944 ex
914 2898 992 2970 quo
1016 2873 1178 2961 redibat,
1201 2874 1302 2946 cede

292 3009 391 3066 mate
425 2991 577 3092 quidem
611 2990 825 3081 laborante,
866 2990 932 3064 sed
964 3006 1090 3084 tamen
1128 2993 1299 3080 vivente;

292 3110 436 3184 etiamsi
457 3135 479 3180 a
499 3125 669 3207 tempore
690 3135 770 3180 non
796 3110 1011 3206 longorem
1034 3133 1079 3181 eo
1104 3107 1299 3181 redactam

292 3251 489 3328 ponamus.
505 3231 685 3298 Caeterum
706 3229 745 3299 in
760 3227 831 3300 hac
843 3227 1001 3320 muliere
1021 3251 1063 3298 os
1079 3224 1234 3298 femoris
1246 3225 1298 3297 ob

294 3346 482 3446 alligantia
509 3346 658 3418 vincula
681 3346 793 3444 longe
820 3344 867 3436 ab
898 3345 1093 3418 acetabulo
1118 3345 1299 3418 recedere

294 3490 374 3535 non
390 3479 571 3561 potuerat.
590 3466 657 3536 Vir
676 3478 802 3536 autem
821 3462 962 3562 dequo
981 3478 1066 3554 ante
1083 3463 1202 3561 ipsam
1224 3461 1300 3534 dic-

309 3635 1299 3664 manum-uun*

283 3761 293 3773 ⁸
336 3764 379 3845 (t)
401 3771 562 3844 Supra‚,n.
577 3777 605 3837 4.

335 3865 379 3948 (2)
399 3869 478 3926 nia

336 3965 378 4050 (3)
400 3969 494 4044 Epist.
515 3967 569 4041 46,
586 3985 616 4025 n.
633 3985 680 4040 17.
