2836 4648
120 471 191 519 un.
202 467 236 515 Υ.
254 467 300 514 ΒΡ.
309 463 494 514 tnnsnms
504 463 555 511 ΑΒ
569 465 638 512 LIR·
651 460 775 512 SUPER.
791 463 903 512 nelsr.
916 463 1028 512 van.
1052 431 1097 514 61
1109 468 1122 513 1

119 597 160 654 et
175 581 275 666 bene
294 603 333 652 se
351 575 536 651 habentes
554 575 740 651 videbam.
768 573 843 648 Sed
859 575 907 648 ad
924 577 1067 668 viscera
1085 595 1129 650 ut
1239 575 1242 584 ’

120 699 296 786 redeam,
313 697 479 770 mesaraei
498 693 684 793 glandulae
700 717 825 791 neque
843 690 983 791 exiguae
1002 709 1128 783 erant,

120 841 248 914 neque
276 815 401 901 durae,
425 835 551 910 neque
580 827 677 900 atro,
700 812 863 883 exterius
882 811 1040 901 saltem,
1065 839 1130 886 eo·

119 933 219 1022 lore,
237 932 302 1006 sed
314 931 490 1004 rabello:
507 927 758 1004 vermiformis
768 930 1020 1028 appendicula
1034 931 1129 1004 duo·
1159 923 1162 930 ’
1216 995 1220 1000 .

119 1051 193 1123 bus
207 1049 428 1122 transversis
446 1048 573 1146 digitis
587 1047 760 1136 brevior,
778 1061 816 1118 et
830 1049 1069 1140 tenuissima,
1090 1067 1129 1124 et

119 1170 280 1240 omnino
309 1166 448 1257 solida,
470 1181 518 1238 ut
548 1191 746 1264 nunquam
786 1191 880 1247 cave
895 1165 1039 1264 ahquid
1063 1168 1129 1240 ha·

118 1285 248 1360 buisse
265 1263 511 1359 videretur:
499 1309 608 1381 Jecur
624 1299 750 1356 autem
766 1309 857 1354 num
880 1271 1029 1416 semper
1044 1283 1130 1358 fuis·

118 1421 180 1478 set
199 1407 352 1493 sanum,
369 1401 475 1474 facile
491 1401 710 1494 dubitasses
728 1388 856 1474 Lobus
875 1404 977 1474 enim
998 1403 1129 1476 dexter

119 1547 196 1622 qua
213 1523 290 1618 jam
313 1523 465 1594 sinistro
478 1522 638 1620 propior
652 1534 753 1608 erat,
771 1534 808 1590 et
820 1519 922 1592 unde
939 1543 979 1592 se
993 1537 1130 1618 praeter

120 1637 664 1712 moremextenderedeorsum
675 1635 874 1736 pergebat
888 1635 1020 1716 {aciem
1039 1663 1130 1712 con-

118 1780 252 1830 vexam
265 1755 489 1829 ostendebat
501 1741 571 1827 nec
580 1743 726 1842 laevem,
740 1768 778 1824 et
791 1753 1003 1844 subalbum,
1014 1781 1129 1854 quam

119 1875 225 1950 nihi
251 1874 299 1946 ad
328 1875 495 1972 aliquam
523 1871 826 1971 profunditatem
842 1889 987 1943 secares
1020 1899 1128 1946 eum-

120 1991 210 2064 dem
236 1992 438 2077 ·colorem,
469 1989 715 2089 substantiam
742 2003 888 2077 autem
909 1990 1129 2064 inveniebas
1174 1989 1176 1996 ’

121 2103 365 2189 accedentem
381 2107 628 2210 adligamenti
641 2124 825 2179 naturam.
840 2109 1044 2206 Reliquum
1056 2117 1145 2196 est,

94 2211 168 2298 *ut
179 2225 226 2298 de
242 2224 818 2328 genitalibpsffiuemadmodum
831 2223 1132 2323 pollicitussurn,
1164 2219 1166 2223 ’
1215 2252 1219 2260 ι

120 2343 257 2416 dicam.
271 2343 377 2416 Tuha
392 2359 550 2442 utraque
566 2345 616 2415 ita
634 2368 703 2416 suu
716 2366 876 2441 qumque
895 2367 983 2414 cum
1001 2345 1129 2415 orario

121 2477 287 2534 connata
303 2477 400 2548 erat,
423 2477 465 2532 nt
485 2463 656 2540 neutrius
669 2461 826 2532 fimbriae
838 2513 847 2549 ,
860 2460 1001 2532 nedum
1021 2455 1132 2533 oscu-

121 2580 227 2667 lum,
241 2577 348 2677 quod
361 2581 460 2650 inter
477 2603 538 2664 eas
554 2595 628 2666 est,
641 2593 876 2676 apparerent.
892 2566 996 2650 Intra
1006 2583 1133 2653 oraria

123 2712 251 2768 autem
268 2712 376 2770 erant
395 2695 602 2794 hydatides.
625 2697 730 2766 Uteri
748 2693 887 2767 fundus
905 2719 990 2767 cum
1010 2709 1133 2797 sectus
1178 2693 1184 2706 ’

124 2830 244 2887 esset:
269 2817 310 2884 in
327 2813 454 2886 medio
474 2813 694 2911 posterioris
725 2811 831 2884 faciei
860 2830 1061 2912 conspecta
1077 2831 1135 2904 est

122 2931 322 3005 altiuscula
336 2928 572 3003 subrutunda
588 2933 859 3029 excrescentia,
876 2955 958 3028 quae
973 2933 1132 3029 aprimo

123 3050 235 3149 quasi
252 3075 297 3121 ex
312 3047 489 3120 vesicuiis
511 3044 606 3118 facta
632 3047 850 3136 videbatur3
870 3064 968 3121 secta
988 3045 1135 3152 adtem,

125 3191 175 3240 ex
192 3166 318 3240 soiida·
336 3165 435 3236 uteri
457 3164 666 3242 substantia
689 3180 863 3238 constare
887 3167 1040 3239 inventa
1067 3185 1134 3242 est.

124 3289 225 3357 Cum
245 3265 440 3382 specillum
455 3309 477 3354 a
490 3281 609 3354 fundo
626 3283 761 3354 vellem
773 3284 813 3354 in
831 3279 1003 3383 vaginam
1024 3301 1138 3362 trans·
1156 3269 1174 3385 'X
1202 3327 1207 3335 ²

126 3404 301 3490 mittere,
330 3425 588 3498 necpossem;
606 3403 791 3474 cervicem
815 3402 953 3493 incidi,
980 3427 1135 3500 compe-

125 3521 237 3618 rique
258 3519 372 3618 bujus
390 3517 528 3589 infimas
554 3519 670 3616 partis
689 3518 736 3588 ad
756 3518 1019 3590 brevissimum
1038 3507 1137 3589 traca

127 3653 211 3711 tum
225 3693 234 3724 ,
248 3637 313 3709 sed
330 3653 367 3708 et
381 3637 501 3731 osculi
512 3637 629 3736 ipsius
641 3636 780 3706 uterini
790 3638 950 3731 parietes
965 3637 1020 3705 sie
1037 3635 1137 3706 inter

128 3781 168 3828 se
187 3755 393 3842 coaluisse,
408 3769 450 3828 ut
462 3753 611 3840 nullus,
628 3753 701 3824 nisi
716 3749 823 3842 ,forte
843 3751 980 3846 aliquis
994 3753 1137 3852 tenuis·

130 3875 274 3962 simus,
293 3869 472 3942 transitus
490 3883 711 3968 superesset.
774 3932 776 3941 .
807 3893 809 3896 ’

182 4013 237 4062 12.
260 3989 426 4066 Coalitus
435 3987 550 4062 hosce
565 4011 587 4058 a
601 3983 747 4059 difficili
755 3999 869 4083 partu
886 3981 1137 4076 iecerat-ione,
