2746 4662
315 444 383 520 162
486 467 531 518 nr
557 467 703 519 sumnus
728 469 772 517 rr
797 466 922 518 causis
946 468 1155 518 normann

312 582 535 672 alcmundo,
564 582 707 656 nedum
742 582 824 656 aliis
857 608 939 682 quae
966 598 1145 681 praeterea
1174 581 1312 680 Hippo·

312 703 405 774 erati
426 701 481 798 (r)
499 701 537 772 in
557 725 629 774 usu
646 715 772 788 erant,
790 699 1006 773 mitioribus
1029 703 1226 774 ustionum
1255 723 1312 797 ge·

314 817 489 906 neribus,
507 817 650 915 qualia,
671 831 708 889 et
727 817 847 890 multo
872 817 1004 916 plura,
1027 843 1049 889 a
1068 819 1182 890 Caelio
1201 823 1312 890 Aure·

311 935 412 1008 liano
432 936 487 1032 (α)
504 949 781 1022 memorantur,
804 936 905 1008 inter
928 961 1011 1034 quae
1028 935 1123 1008 illud
1142 959 1309 1035 quoque,

312 1053 531 1151 Hippocrati
549 1052 688 1151 pariter
705 1055 907 1142 usitatum,
939 1053 1042 1152 quod
1072 1077 1150 1152 prae
1179 1053 1314 1125 caeteris

312 1168 654 1242 videturlndorum
668 1195 795 1244 moxae
812 1168 1071 1270 respondisse,
1087 1169 1311 1270 apponendo

312 1285 486 1360 videlicet
505 1285 664 1386 fungum
684 1287 911 1386 quemdam,
929 1287 1110 1386 huncque
1132 1313 1154 1359 a
1173 1309 1314 1360 summa

311 1420 418 1504 parte
437 1405 703 1478 accendendo:
725 1405 940 1503 cujusmodi
953 1408 1143 1480 ustionem
1160 1409 1231 1480 etsi
1249 1407 1315 1478 leni

304 1529 570 1622 penetratione
583 1523 819 1594 moderatam
831 1524 961 1596 Caelius
976 1540 1175 1624 agnoscat,
1187 1543 1312 1598 omnes

312 1655 439 1714 tamen
456 1642 537 1713 aliis
556 1643 751 1740 postponit
764 1641 958 1732 remediis,
975 1651 1118 1742 quippe
1135 1643 1313 1744 cumplu-

311 1765 409 1830 rima
431 1761 629 1832 vexatione
642 1763 881 1857 conjunctas,
902 1777 939 1832 et
952 1785 1086 1834 eorum
1103 1785 1216 1834 usum
1238 1785 1314 1860 pro

313 1875 507 1968 hibentes,
528 1903 611 1950 enm
626 1859 762 1976 partes
776 1878 956 1950 ulceratae
967 1883 1144 1978 apposita
1159 1880 1315 1951 tolerare

312 2019 389 2068 non
400 2003 559 2096 possint.
576 2002 718 2069 Verum
729 1998 871 2070 ustioni
879 1996 927 2068 ad
937 1998 1075 2070 laxatas
1086 2014 1215 2097 par-tes
1228 2022 1313 2071 cou-

312 2113 535 2198 trahendas,
554 2114 935 2212 corroborandasque
952 2137 1040 2188 suus
1060 2130 1117 2188 est
1128 2116 1263 2205 locus,
1281 2127 1313 2186 et

313 2231 412 2300 cutis
432 2228 702 2330 exulcerationi
721 2230 768 2302 ad
788 2234 909 2304 noxiae
926 2234 1089 2304 materiae
1104 2235 1315 2332 portionem

312 2344 479 2442 aliquam
492 2346 540 2418 ab
554 2349 696 2420 intimis
716 2349 810 2422 locis
822 2351 1041 2440 arcendam,
1062 2366 1100 2423 et
1116 2367 1223 2424 extra
1242 2375 1313 2426 eor
1355 2361 1356 2452 t

314 2487 387 2561 pus
400 2464 698 2537 amandandum:
723 2469 849 2564 itaque
876 2469 1023 2560 mitius,
1043 2485 1081 2542 et
1098 2472 1313 2569 tempestive
1355 2455 1356 2496 ³

313 2580 522 2656 adhibitam
544 2609 622 2656 non
653 2587 810 2658 omnino
837 2588 876 2657 in
896 2587 1124 2684 quibusdam
1149 2589 1315 2686 rejicien-

314 2698 401 2772 dam
429 2701 616 2792 censebis,
636 2705 840 2800 praesertim
860 2703 927 2776 ubi
943 2727 1022 2776 non
1040 2721 1213 2778 veterum
1241 2731 1314 2778 mo·

315 2816 382 2905 du,
402 2818 467 2890 sed
485 2819 596 2890 etiam
622 2843 701 2891 non
724 2823 774 2892 ita
795 2823 1037 2920 antiquarum
1058 2849 1142 2922 quae
1164 2822 1324 2896 feliciter·

315 2933 396 3028 ejus
425 2959 500 3031 ope
523 2935 702 3046 absolptae
729 2955 834 3028 sunt,
867 2943 1108 3013 curationum
1133 2943 1264 3016 veniat
1281 2942 1314 3010 in

314 3069 492 3122 mentem.
508 3057 639 3152 Neque
658 3054 767 3156 aliter
782 3055 829 3136 de
841 3055 923 3130 aliis
934 3057 1162 3156 quibusdam
1173 3061 1313 3132 auxiliis
1355 3091 1356 3138 t

315 3169 554 3242 existimabis.
584 3177 707 3244 Tanta
736 3191 808 3263 est,
843 3176 968 3274 inquit
995 3181 1171 3252 Arantius
1196 3180 1253 3276 (3)
1283 3179 1314 3247 in
1355 3143 1356 3188 i

248 3284 249 3293 ’
315 3286 521 3358 ischiadico
536 3289 688 3378 dolore,
711 3298 922 3390 praesertim
942 3300 1155 3394 incipiente,
1169 3321 1314 3370 enema·

315 3419 394 3474 enm
398 3403 592 3494 facultas,
612 3423 656 3478 nt
669 3414 748 3508 ipse
764 3409 869 3482 nullo
890 3428 1039 3512 praeter
1055 3413 1228 3506 clysteres
1252 3413 1314 3488 od·
1355 3475 1356 3486 ,

315 3521 433 3594 bibito
448 3522 717 3596 medicamento
729 3580 739 3615 ,
752 3527 882 3628 plnres
900 3537 1065 3628 graviter
1086 3535 1265 3626 affecws,
1282 3537 1314 3606 in
1353 3527 1356 3548 ²

354 3821 399 3901 (1)
419 3823 489 3912 Vid.
500 3825 579 3898 apud
589 3828 629 3882 Le
641 3827 744 3900 Clere,
759 3829 836 3887 nist.
848 3831 886 3893 de
896 3833 924 3889 la
934 3832 1070 3912 Medon,
1085 3853 1114 3912 p.
1124 3849 1151 3908 1,
1163 3838 1184 3894 l.
1199 3837 1262 3912 3,o.
1274 3837 1313 3895 al.

356 3922 659 4001 fflhmffim.

352 4021 398 4102 (3)
415 4025 448 4080 L.
461 4023 500 4082 de
513 4034 624 4083 tumor.
637 4043 668 4101 p.
683 4045 734 4100 n.,
750 4048 816 4106 rap.
830 4027 879 4089 6³.
899 4053 903 4062 ·
