2782 4652
313 441 385 523 4¹0
478 453 524 503 ns
545 413 695 504 ‘srnrrus
720 457 764 503 rr
789 453 912 504 cnusrs
938 457 1150 508 nonnosum
1254 443 1258 452 ’

311 573 445 646 serosis
465 570 670 668 apoplcriis
684 593 817 668 agens,
845 571 933 643 alias
950 572 1004 669 (r)
1022 573 1070 644 ad
1092 591 1132 645 te
1160 577 1291 675 scripsi,

310 675 641 788 nourepngnabo;
667 685 819 760 difficile
846 689 946 760 enim
972 690 1167 763 interdum
1187 709 1236 766 est
1255 695 1293 766 ab

309 807 383 880 illis
393 807 614 906 sanguineas
628 827 818 905 separare,
836 819 874 877 et
889 805 936 878 de
947 810 1063 880 'certis
1081 809 1291 906 quibusdam

311 923 478 997 historiis
494 937 621 993 utrum
657 922 704 993 ad
734 947 852 1020 genus
882 925 1081 1014 attineant,
1112 951 1186 1024 pro
1207 943 1292 999 certo

310 1042 551 1113 constituere.
589 1043 660 1111 Fac
695 1055 846 1128 tamen,
880 1057 922 1114 ut
953 1044 1293 1140 conjecturasque

255 1248 258 1257 s
310 1161 489 1259 utrinque
509 1179 587 1228 esse
610 1171 788 1255 possunt,
814 1171 900 1230 ante
928 1159 1170 1258 perpendas,
1198 1177 1292 1258 atque

310 1275 378 1347 ubi
394 1273 539 1347 cerebri
558 1297 643 1346 vasa
662 1258 813 1347 externo
842 1275 974 1364 simul,
997 1292 1034 1348 et
1057 1279 1208 1348 interna
1226 1301 1293 1348 sau·

311 1393 424 1491 guine
441 1405 528 1464 sunt
547 1393 707 1482 maxime
727 1392 907 1480 distenta,
929 1394 1089 1466 velutin
1110 1397 1293 1492 proposito

310 1511 409 1598 viro,
425 1508 510 1581 ride
527 1533 575 1581 ne
589 1510 702 1582 nimis
725 1506 831 1582 iacile
849 1533 985 1608 neges,
1012 1505 1165 1582 causam
1184 1512 1293 1610 praci-

311 1651 387 1728 pna
404 1651 449 1698 ex
474 1642 579 1724 parte
604 1651 625 1698 a
648 1629 828 1726 sanguine
856 1649 934 1700 esse
965 1628 1223 1726 repetendam.
1250 1626 1293 1699 Ad

309 1743 567 1818 lassitudinem
586 1759 711 1818 antem
732 1725 836 1816 illam¹
857 1769 1054 1843 magnam,
1073 1747 1181 1845 longi
1203 1746 1293 1816 itine·

302 1865 363 1936 tris
383 1864 552 1936 laborem
570 1855 829 1952 consecutam,
851 1887 897 1935 eo
923 1866 1015 1934 anni
1033 1880 1207 1963 tempore
1222 1885 1291 1960 per·

311 1983 405 2072 acti,
435 2006 528 2054 num
558 1979 699 2078 aliquid
740 1978 913 2054 conferre
944 1983 1110 2079 potuerit
1151 1978 1295 2052 bominis
1362 2063 1363 2066 Ἴ

313 2099 549 2186 constitutio,
576 2117 689 2195 quem
713 2097 864 2170 insolita
889 2098 951 2168 illa
971 2095 1092 2170 forma
1110 2097 1246 2184 cordis,
1266 2109 1293 2166 et

302 2215 410 2288 'laesio
423 2214 485 2286 illa
503 2214 636 2286 intima
649 2229 762 2286 aortae
781 2215 940 2304 iudicat,
960 2213 1114 2288 fortasse
1131 2215 1293 2288 robustis·

310 2334 537 2406 simnmesse
556 2356 635 2404 non
651 2332 834 2429 potuisse,
859 2357 929 2431 ego
951 2332 1105 2430 quidem
1129 2335 1169 2404 in
1186 2329 1292 2403 medio

308 2451 504 2548 relinquo:
521 2449 777 2522 lassitudinem
797 2464 923 2522 tamen
947 2451 1112 2524 universi
1139 2449 1290 2548 corporis

309 2566 455 2641 cerebri
472 2589 625 2664 quoque
638 2563 775 2653 robur,
793 2579 830 2636 et
842 2567 1105 2662 ejusvasorum
1117 2568 1294 2646 minuere,
1346 2569 1349 2578 '

309 2709 431 2782 eoque
449 2682 543 2755 illud
555 2679 916 2782 compressionibus,
929 2681 1008 2754 haec
1016 2679 1293 2755 distentionibus

309 2801 583 2900 opportuniora
597 2797 718 2871 facere
730 2820 857 2897 posse,
874 2825 955 2875 non
968 2797 1112 2872 dubito.

364 2943 418 2990 ιο.
436 2919 611 3007 Femina,
633 2917 763 2990 eadem
791 2915 996 3015 facileque
1023 2917 1164 3006 isvis,
1188 2926 1292 2996 atate,

255 3058 257 3062 ·
310 3061 391 3108 non
425 3036 553 3108 multis
588 3049 674 3133 post
699 3056 786 3107 eum
812 3033 944 3107 diebus
974 3037 1014 3105 in
1049 3033 1292 3108 nosocomium

313 3168 496 3250 excepta,
529 3151 722 3250 indeque,
753 3151 822 3224 ubi
859 3152 957 3224 intra
994 3150 1154 3224 biduum
1186 3132 1292 3221 deces-

317 3271 380 3358 sit,
406 3270 445 3339 in
479 3271 732 3340 anatomicum
760 3268 948 3342 theatrum
981 3269 1081 3342 illata
1118 3284 1184 3342 est.
1209 3267 1291 3338 Mor·

311 3388 359 3458 tis
381 3405 490 3458 cansa
515 3385 711 3484 apoplexia
733 3385 855 3460 fuerat
873 3386 1084 3484 ejusmodi,
1111 3401 1155 3457 ut
1177 3393 1290 3482 quarto

312 3503 359 3576 ab
375 3501 488 3599 bnjus
507 3503 615 3575 initio
635 3502 696 3575 die
712 3529 800 3576 cnm
821 3505 861 3574 in
877 3505 1143 3576 nosocomium
1159 3501 1291 3574 advecta

313 3636 385 3710 est,
406 3613 498 3692 tunc
515 3635 616 3692 certe
640 3621 791 3693 nullum
812 3619 995 3694 facultatis
1012 3619 1215 3712 sentiendi,
1240 3623 1290 3684 ant

1063 3869 1071 3887 Α
1156 3827 1285 3858 Μ

353 3991 397 4071 (¹)
417 3996 510 4069 npm.
525 4006 554 4066 t·
