2782 4652
114 471 990 526 mn.iv.rissnnrnnrsnntrn.surrnronmrrsr.nx.
1018 457 1089 542 403

29 638 33 644 ·
90 605 199 664 erant
217 603 254 659 et
277 585 536 686 prementibus
553 583 677 682 digitis
699 587 931 677 resistentem
945 577 1008 662 illa
1025 617 1092 664 au·

90 724 167 779 tem
198 707 280 778 sine
308 717 466 776 stertore
486 714 618 800 peetus
642 701 786 775 alterne
814 701 1029 798 attollebat,
1053 725 1090 782 et

89 839 273 898 ventrem.
287 819 462 894 Calendis
481 817 677 892 februariis
698 823 789 892 anni
814 820 926 918 1754,
944 847 1030 896 cum
1049 828 1089 898 in
1110 863 1114 880 i

92 943 287 1041 gymnasio
300 943 377 1036 jam
396 939 537 1009 ventris
553 939 696 1010 viscera
713 941 991 1036 propemodum
1011 968 1091 1015 orn·

91 1062 154 1130 nia
173 1083 219 1130 ex
237 1058 311 1128 alio
332 1053 511 1127 cadavere
532 1053 845 1128 demonstrassem
861 1057 964 1146 ahoe
985 1060 1093 1134 deiu-

92 1199 183 1274 ceps
201 1179 258 1247 uti
275 1174 323 1245 ad
338 1175 523 1270 reliquam
538 1185 738 1256 anatomen
754 1172 1022 1248 absolvendam
1034 1180 1095 1249 in-

92 1295 188 1392 cepi.
208 1297 252 1364 ln
264 1301 397 1362 ventre
410 1290 491 1359 'hnc
504 1303 640 1387 praeter
650 1305 823 1362 naturam
837 1293 1093 1368 animadverti.

92 1417 279 1484 Vesorum
301 1431 526 1506 magnorum
554 1407 681 1478 trunci
706 1405 818 1479 ambo
849 1409 1002 1484 latiores
1026 1415 1098 1485 visi

2 1563 4 1584 i
93 1528 421 1625 sunt,·praesertim
442 1525 542 1598 utin
576 1524 742 1598 muliere.
768 1525 891 1617 Quod·
902 1531 933 1600 si
963 1527 1010 1600 ad
1040 1545 1097 1603 tot

94 1645 196 1718 uteri
232 1644 460 1742 gestationes
491 1639 655 1730 referas3
685 1666 765 1714 nou
798 1643 931 1718 eodem
958 1644 1096 1720 referes

94 1761 198 1836 oe'rte
217 1761 359 1834 ossium
383 1757 666 1847 inchoamenta3
684 1760 763 1830 imo
781 1783 905 1834 osseas
924 1758 1097 1862 squamas

2 1908 3 1916 ¹
94 1880 238 1979 quibus
270 1878 407 1976 passim
434 1877 570 1948 arteria
599 1892 720 1964 noma,
752 1893 923 1976 nataque
950 1905 996 1952 ex
1025 1882 1098 1955 hac

94 2000 231 2086 iliacae,
253 2011 290 2068 et
313 1994 395 2066 bini
419 1995 458 2063 in
476 2017 573 2092 qnos
596 1993 652 2065 hae
675 1995 828 2092 singulae
855 1995 1097 2090 dividuntur,

2 2147 3 2172 i
96 2117 195 2186 rami
215 2114 394 2185 interiore
411 2108 504 2182 facie
521 2102 859 2210 distinguebantur.
889 2117 980 2207 Quae
999 2119 1097 2193 siah
1213 2209 1215 2216 ‚

94 2245 200 2305 atate
231 2229 343 2304 fuisse
374 2229 602 2318 dixerimus;
647 2232 761 2304 emus
789 2231 959 2306 dicemus
981 2231 1096 2309 fuisse

95 2349 286 2422 morbum.
302 2351 349 2420 tt
361 2368 486 2443 neque
497 2345 683 2433 abertate,
700 2373 824 2446 neque
844 2348 892 2422 ab
908 2353 1006 2425 uteri
1018 2367 1099 2452 gesb

93 2453 485 2562 talionibusprofeeto
500 2460 715 2536 fuitv'itium
727 2467 810 2538 reni
826 2469 978 2540 sinistro
991 2471 1097 2541 iuna⁴

1 2619 2 2632 κ
93 2595 195 2672 tum,
229 2581 432 2680 quod'tibi
461 2581 551 2654 alias
583 2579 651 2678 (1)
682 2603 743 2653 me
770 2583 983 2680 pollicitum
1011 2595 1092 2659 esse‘

1 2725 2 2742 ³
96 2696 998 2795 memini‚ineujusdamvetulae‚bujusvideli²cet,
1013 2699 1094 2775 bis*
1183 2765 1185 2769 .

96 2820 194 2892 toria
208 2819 477 2916 expositurum.
495 2819 577 2886 Ren
595 2815 657 2886 ille
672 2839 693 2886 a
714 2817 845 2912 primo·
856 2815 976 2888 videri
992 2833 1103 2918 pote·

96 2949 155 3008 ra't
178 2949 314 3033 praeter
345 2943 498 3004 omnent
522 2931 679 3004 modum
709 2933 856 3031 longus.
889 2933 961 3007 Sed
985 2936 1099 3034 paulo

97 3053 274 3125 attentius
302 3047 434 3122 deliris
455 3048 595 3139 oculis,
618 3051 849 3148 transpicere
860 3075 996 3149 aquam
1015 3054 1100 3126 lice·

97 3171 183 3258 bat,
215 3193 297 3266 quaa
327 3167 472 3240 inclusa
506 3167 585 3262 ejus
617 3167 777 3265 augebat
810 3168 1099 3267 longitudinem.

98 3283 511 3388 Oculorumvjudinium
532 3297 668 3372 tactus,
690 3299 727 3356 et
743 3285 864 3358 multo
880 3289 999 3384 magis
1020 3289 1100 3389 ipsa

97 3404 275 3482 dissectio
294 3425 383 3470 mox
393 3399 675 3473 confirmarunt.
696 3403 884 3475 Nimirum
898 3405 950 3476 sio
965 3405 1102 3478 educta
1177 3405 1179 3408 ’

98 3536 156 3595 est
177 3543 275 3618 aqua
292 3517 477 3606 subflava,
505 3543 588 3615 quas
605 3544 691 3590 vase
720 3537 893 3618 excepta,
923 3522 1102 3595 omnibus

99 3640 168 3737 qui
184 3637 357 3724 aderant,
372 3638 451 3708 visa
475 3651 534 3730 est¹
552 3637 703 3733 pondus
724 3645 870 3736 aequa‘re
904 3638 1104 3711 unciarum
1203 3727 1205 3734 y

141 4013 188 4096 (a)
208 4014 304 4092 Epist.
324 4014 380 4085 38,
393 4033 423 4070 n.
439 4017 485 4080 4¹·
