2824 4652
86 362 1125 456 1113.v.nssunu1tmssnttsSUPEn10R.EP15r.thv.499

94 499 208 570 tussi
216 463 348 596 ,sputo
362 477 570 600 sanguinis,
578 511 616 568 et
633 504 853 568 recurrente
869 495 991 576 deutri
1002 495 1128 578 lateris

96 595 253 688 dolore
294 615 494 688 liberatum
518 611 637 702 vidit,
664 637 765 712 cum
783 611 948 690 frustum
973 615 1131 688 extussi-

93 733 229 810 visset
256 731 409 831 lapidem
432 731 617 820 materiae,
644 729 721 806 albi
745 731 875 806 coralii
897 731 1029 812 simile.
1055 731 1133 804 Ibi·

98 848 284 950 demque
315 849 473 926 nobilis
494 848 594 937 viri,
619 849 686 946 qui
717 853 869 944 nigrum,
895 826 1158 947 Hippocratis

100 966 295 1040 morbum
320 967 386 1038 diu
410 966 633 1065 pertulerat,
658 980 696 1038 et
714 989 912 1038 marasmo
939 959 1138 1042 confectus
1164 975 1167 996 '

104 1083 281 1172 obierat,
293 1085 494 1183 pulmones
506 1098 691 1156 memorat
709 1081 956 1174 llaecidos,in
968 1106 1135 1182 quorum
1248 1077 1249 1082 ’

107 1200 301 1301 pluribus
326 1197 498 1308 partibus
523 1201 618 1276 dura
647 1201 868 1299 corpuscula
885 1201 1137 1300 deprehendit

108 1322 297 1420 pisorum
322 1318 599 1419 magnitudine,
629 1317 822 1416 sphaerulae
847 1334 974 1399 autem
1003 1317 1135 1394 forma.

110 1441 220 1530 Quae
243 1453 287 1512 ut
309 1439 388 1539 ipse
416 1437 544 1533 adjicit
563 1435 612 1540 ad
632 1459 715 1508 earn
735 1437 899 1510 auctoris
922 1439 983 1510 sui
1008 1437 1138 1514 obser-

110 1559 318 1628 vationem
349 1579 424 1653 qua
442 1556 481 1628 in
498 1553 682 1654 pulmone
707 1553 836 1629 militis
858 1571 1055 1652 repertum
1088 1546 1137 1630 ab
1235 1639 1237 1644 ¹

119 1697 165 1746 se
180 1669 301 1746 refert
319 1671 503 1773 lapidem,
516 1670 737 1748 columbino
755 1695 829 1742 ovo
840 1695 919 1742 non
938 1674 1139 1766 minorem,

117 1816 256 1890 neque
276 1789 392 1887 hujus
411 1787 541 1889 figurae
578 1788 816 1876 dissimilem,
836 1789 891 1862 ‘ita
913 1815 983 1888 ego
1013 1791 1077 1890 lpic
1101 1817 1141 1866 e·
1167 1796 1176 1824 l
1213 1881 1225 1894 .

118 1909 220 1985 tiam
238 1931 521 1998 commemoro,
546 1921 589 1978 ut
612 1922 688 1980 tres
711 1905 823 1981 hasce
852 1907 926 1978 illis
945 1906 1080 1998 addas,
1102 1926 1140 1982 et

105 2011 224 2098 ucurn
238 2049 368 2099 carum
390 2023 620 2123 quibusdam
641 2021 812 2096 conferas
826 2023 1008 2121 quastibi
1041 2025 1139 2098 benc

124 2143 271 2214 multas
294 2143 429 2242 collegi
451 2142 610 2240 epistola
632 2143 699 2220 XV
716 2141 898 2238 (1),·cum
923 2137 970 2215 de
987 2143 1139 2242 pulmo-

18 2247 19 2254 ¹
120 2284 225 2332 num
243 2256 416 2349 calculis,
447 2271 658 2358 eorumque
691 2255 889 2334 effectibus
923 2265 1140 2338 sermonem

121 2377 340 2457 haberem.

116 2501 216 2584 4.
236 2493 294 2566 Ad
306 2471 350 2566 ca
365 2518 457 2566 vero
476 2517 558 2594 quae
569 2494 876 2614 XIXepistola(a
856 2494 893 2592 a)
912 2520 983 2568 nec
996 2521 1137 2595 pauca,

125 2625 171 2682 ct
191 2612 292 2682 varia
321 2590 571 2708 protulimus,
603 2609 854 2726 superagitata
883 2615 1140 2688 controversia
1182 2703 1186 2709 .

123 2753 181 2799 un
196 2726 478 2800 submersorum
494 2727 740 2844 pulmonibus
761 2737 799 2804 c't
813 2714 1025 2834 uentriculo
1040 2755 1139 2828 aqua

126 2847 245 2934 insit,
259 2870 307 2920 an
321 2870 403 2918 non
417 2846 506 2918 insit
521 2845 772 2929 dissectioncs
786 2835 946 2924 attinent
967 2847 1138 2945 quedam
1162 2883 1163 2887 ¹

124 2989 148 3036 a
169 2963 280 3038 nobis
309 2964 414 3036 lectae
431 2989 511 3038 non
541 2965 593 3040 ita
614 2963 774 3068 pridem.
803 2963 1009 3041 Meckelius
1033 2966 1136 3039 enim

127 3057 439 3181 diligentissimus
455 3083 689 3165 anatomicos
702 3083 802 3175 inter
813 3105 898 3160 suas
911 3082 1137 3187 morborum

130 3199 259 3273 cordis
275 3200 557 3275 observationes
584 3202 758 3300 quintam
775 3199 996 3278 describens
1010 3201 1064 3302 (3)
1083 3204 1138 3274 'in
1222 3191 1223 3204 ’

129 3317 251 3390 milite
276 3317 452 3392 habitam*
469 3323 536 3419 qui
563 3305 681 3394 semet
699 3320 739 3392 iu
762 3317 907 3394 flumen
929 3318 1136 3418 deJecerat,

130 3492 1138 3536 Μ--ζ-ὴ--Μ

174 3639 219 3718 (tl
174 3639 277 3718 (N
302 3627 389 3757 ipset
409 3662 470 3718 seq

172 3740 278 3818 (ι)Ν.
301 3749 338 3812 4⁰
360 3753 471 3817 etseq.

173 3839 218 3918 (3)
239 3843 316 3899 Sect.
336 3863 365 3914 1,
381 3841 444 3898 rid.
454 3841 535 3898 llist
553 3841 590 3898 dc
611 3840 725 3898 l’Acad.
751 3857 818 3924 roy.
841 3839 892 3895 des
913 3839 960 3896 Sc.
974 3838 1011 3893 de
1026 3835 1141 3908 Berlin,

136 3958 186 3996 an.
201 3937 288 4014 1755.

815 4085 818 4106 .
934 4033 997 4106 32*
