2858 4658
174 473 244 526 una
257 473 306 526 rr.
321 473 368 526 on
383 473 518 525 nornis
533 471 732 545 curuum,
748 465 818 532 etc.
834 479 945 538 nnsr.
962 480 1018 530 tv.
1072 461 1113 538 51

112 615 181 668 nec
201 591 315 682 falso,
343 608 386 664 nt
406 593 521 691 paulo
546 607 632 690 post
654 595 836 700 materiae,
859 595 929 668 snb
948 599 1120 674 manibus

90 803 93 810 Ι
112 713 346 810 fluctuantis,
370 736 450 782 uon
471 709 630 782 obscura
658 713 852 809 perceptio
871 713 1118 790 confirmavit.

112 834 209 902 Num
228 831 347 928 igitur
361 831 400 898 in
422 826 595 916 senibus,
618 853 711 900 num
728 831 839 902 etiam
859 833 899 902 in
921 835 1123 925 membris,

113 949 300 1020 oedemate
319 945 480 1036 affectis,
497 970 569 1044 pus
587 943 629 1018 fit
641 947 720 1018 sine
735 947 837 1036 ullis,
851 965 915 1022 aut
932 975 1019 1024 cum
1031 979 1123 1052 pau·

113 1066 299 1152 rioribus,
312 1065 593 1161 levioribusque
608 1087 690 1161 quae
708 1089 779 1160 pus
792 1063 875 1136 lieri
889 1059 1133 1166 significent,
1182 1017 1194 1136 l

114 1183 252 1255 notis?
291 1185 503 1286 Utrumque
537 1179 727 1254 interdum
761 1180 808 1254 ab
845 1187 1125 1281 experientibus

114 1301 305 1399 chirurgis
322 1299 508 1387 audivi,et
521 1297 587 1369 ubi
599 1299 783 1370 rationem
794 1301 1124 1392 consulu,utrum-
1161 1379 1165 1389 ,

113 1443 186 1516 que
203 1418 365 1515 intelligi
384 1431 493 1516 posse
505 1471 515 1504 ,
529 1415 659 1503 video,
676 1415 887 1490 secuudum
905 1433 1031 1492 tamen
1046 1419 1135 1494 ma?
1156 1500 1158 1510 ,

110 1538 176 1634 gis.
203 1538 339 1632 Neque
373 1535 474 1606 enim
510 1557 633 1608 senes
650 1553 783 1628 omnes
810 1551 898 1612 sunt
928 1536 1123 1613 lenissimis

111 1652 234 1740 fibris,
254 1667 319 1726 aut
345 1653 479 1739 lentis,
505 1649 769 1750 inertibusque
796 1652 1030 1728 humoribus.
1050 1663 1124 1732 Ita-

113 1794 187 1868 que
204 1770 246 1843 iu
262 1767 542 1851 Archidiacono
553 1768 599 1840 de
613 1793 690 1868 quo
699 1793 812 1866 supra
824 1769 878 1866 (1)
895 1771 1122 1865 dictumest,

114 1912 185 1986 pus
201 1911 284 1957 non
306 1885 582 1976 conficiebatur
600 1888 679 1958 sine
703 1885 915 1978 doloribus,
937 1906 973 1964 et
1000 1893 1039 1964 in
1058 1895 1123 1966 illo

115 2008 196 2104 ipso
225 2004 275 2077 de
313 2029 391 2102 quo
428 2005 640 2102 loquimur,
679 2021 874 2096 senatore,
909 2032 994 2078 cum
1027 2009 1124 2084 forte

117 2123 251 2196 eodem
281 2137 452 2221 tempore
483 2147 565 2220 quov
596 2123 703 2220 prior
743 2121 938 2198 abscessus
971 2135 1123 2224 apertus

116 2239 258 2328 fiteret,
277 2239 399 2329 multo
418 2239 546 2320 minor
566 2239 659 2310 alter
677 2239 860 2338 inciperet
877 2242 925 2314 ad
943 2245 1061 2316 imum
1077 2245 1126 2318 fe-

117 2381 221 2444 mur,
242 2355 312 2428 ubi
332 2354 478 2432 oedema
499 2372 578 2428 erat
597 2356 765 2445 nullum3
781 2381 870 2428 mox
890 2360 1028 2436 indicia
1041 2387 1123 2460 quae

118 2475 256 2564 solent,
280 2473 371 2545 dum
397 2495 467 2572 pus
489 2472 759 2562 conficeretur,
776 2477 1122 2551 animadvertimus.

119 2596 227 2666 Posse
241 2607 369 2664 tamen
386 2591 425 2662 iu
440 2591 512 2663 illis
530 2592 641 2663 etiam
660 2593 726 2689 qui
741 2589 916 2678 llorente,
935 2611 999 2666 aut
1017 2594 1126 2667 firma

122 2726 208 2784 sunt
221 2725 349 2798 aetate,
369 2733 441 2807 pus
454 2707 645 2782 interdurn
665 2706 747 2780 fieri
765 2709 844 2782 sine
861 2709 987 2798 febre,
1010 2713 1126 2810 idque
1148 2743 1154 2752 ·

122 2827 350 2929 inpartibus
368 2826 552 2898 oedemate
573 2851 653 2896 nou
675 2826 928 2920 tumentibus,
955 2829 1127 2904 observa·
1185 2884 1189 2892 ,

122 2950 241 3021 nones
264 2946 426 3018 aliorum
446 2943 667 3030 ostendunt,
700 2945 739 3014 iu
769 2946 978 3042 primisque
1002 2949 1127 3021 claris·

122 3067 221 3154 simi,
237 3066 389 3162 meique
406 3064 619 3136 amicissimi
633 3062 784 3160 collegae
806 3063 925 3158 Pujati
944 3061 1018 3162 (2),
1041 3068 1126 3163 qui,

122 3200 162 3258 ut
180 3186 220 3259 in
238 3180 419 3256 Leambio
438 3181 704 3278 Hippocrates,
734 3179 927 3260 abscessus
955 3183 1048 3254 citra
1072 3182 1127 3256 fe-

123 3301 221 3375 brim
235 3297 430 3374 confectos
443 3299 537 3372 vidit
553 3299 718 3397 primum
733 3298 888 3396 quidem
901 3299 940 3369 in
958 3323 1050 3390 anu,
1064 3302 1131 3376 sed

125 3437 252 3524 postea
267 3419 379 3492 etiam
391 3419 431 3488 in
447 3416 745 3489 adolestentula:
766 3441 878 3514 quam
901 3441 949 3488 ne
965 3415 1060 3490 forte
1074 3419 1130 3490 di·

127 3561 186 3613 cas
201 3533 449 3611 inertioribus
476 3533 588 3607 fuisse
611 3533 861 3623 humoribus,
878 3548 922 3606 ut
940 3559 1022 3633 quae
1048 3551 1133 3634 post

141 3764 1133 3796 W

166 3929 209 4010 (1)
230 3931 269 3989 Ν.
295 3938 343 3999 14.

169 4029 211 4111 (a)
231 4034 305 4091 Dec.
320 4030 387 4088 obs.
402 4047 436 4101 7,
453 4047 484 4084 n.
498 4024 528 4086 3.
