2836 4648
160 467 1068 542 rmnnrnnnsrmssnrm·surrnronurrsrmxrx.
1086 439 1160 521 653

159 587 374 687 parallelas,
393 581 591 684 exquibus
608 599 771 673 constat,
791 583 905 658 fibras
922 585 1158 660 demonstra-

158 728 261 794 rem3
284 705 438 776 miratus
453 727 535 776 sum
556 717 701 773 tantum
716 703 815 774 inter
834 701 902 775 has
916 701 1158 800 pinguedinis

164 821 397 920 interjectum
417 819 649 918 conspicere,
668 831 717 912 ut
734 817 849 916 hujus
869 819 953 918 plus
973 843 1090 928 qnam·
1110 818 1157 891 fi·
1269 905 1273 915 Ι

163 934 333 1022 braium,
355 941 549 1014 continere
568 935 710 1037 ubique
730 935 930 1010 videretur.
959 938 1036 1010 Etsi
1054 940 1156 1010 enim
1260 1013 1263 1020 „

162 1059 313 1157 plurimi
335 1077 421 1134 sunt
443 1060 533 1132 anni
554 1083 600 1130 ex
629 1083 707 1156 quo
730 1059 770 1128 in
797 1057 1056 1131 cadaveribus
1074 1081 1154 1130 non

162 1199 313 1274 prorsus
326 1178 532 1251 macilentis
550 1176 712 1272 interjici
735 1177 779 1248 iis
795 1173 900 1250 fibris
921 1161 1154 1248 manifestam

5 1301 27 1344 ἰ·
105 1376 107 1380 ,
164 1293 430 1392 pinguedinem
446 1291 550 1366 haud
570 1317 657 1364 raro
669 1292 935 1381 animadverti,
957 1308 1088 1366 contra
1110 1316 1155 1364 ac

161 1410 341 1502 creditur,
354 1411 408 1482 ab
434 1412 478 1484 iis
497 1411 700 1508 praesertim
721 1408 857 1507 quibus
879 1421 1015 1484 nervos
1032 1409 1156 1509 placet

158 1551 243 1600 curn
261 1529 413 1601 intentis
427 1525 567 1600 fidibus
578 1551 818 1624 comparare3
838 1541 1001 1600 attamen
1018 1551 1061 1600 ea
1078 1553 1154 1626 qua
1222 1617 1224 1622 Ι

156 1657 247 1717 tunc
263 1644 361 1732 vidi,
380 1644 491 1744 copia
514 1644 694 1740 interjici,
717 1668 914 1742 nunquam
940 1659 1049 1718 antea
1067 1669 1156 1716 cou-

155 1784 364 1860 spexeram,
390 1786 462 1836 nec
498 1763 539 1834 in
575 1774 741 1834 mentem
771 1777 923 1833 venerat
952 1785 1077 1859 posse,
1111 1777 1154 1834 ut

155 1873 261 1951 facile
285 1879 477 1977 intelligis,
498 1883 530 1968 si
549 1878 790 1979 pinguedinis
815 1877 901 1951 loco
923 1879 1025 1950 aliud
1048 1878 1153 1978 quod

153 2010 290 2094 prater
311 2012 483 2070 naturam
504 1998 569 2086 sit,
585 1996 789 2096 aliquando
814 1995 892 2068 huc
917 1997 1154 2094 conjiciatur,

156 2137 220 2187 eos
234 2115 337 2187 nasci
355 2115 510 2188 morbos
528 2139 625 2213 quos
646 2113 869 2204 obstructis,
888 2129 953 2187 aut
973 2115 1080 2186 aliter
1103 2113 1155 2184 ri·

155 2230 252 2304 tiatis
269 2232 358 2330 ipsis
376 2233 523 2305 nerveis
538 2230 643 2304 fibris
661 2233 858 2331 imputant.
880 2227 999 2304 Sanus
1011 2247 1152 2322 tamen,

154 2362 196 2421 ut
211 2345 306 2438 dixi,
325 2349 356 2422 is
370 2357 471 2422 artus
490 2363 578 2422 erat.
598 2349 700 2422 Alter
715 2373 806 2422 vero
821 2375 899 2449 quo
915 2349 1033 2423 homo
1053 2351 1154 2425 clau·
1245 2439 1246 2444 Ἰ

153 2463 320 2553 dicabat,
344 2467 397 2540 sic
421 2481 607 2540 attractus
624 2483 722 2556 erat,
749 2481 792 2540 ut
809 2489 1046 2566 quacumque
1070 2491 1151 2538 ma·

150 2605 271 2653 nuum
289 2583 328 2654 vi
342 2583 511 2657 adhibita
531 2585 681 2658 extendi
699 2609 786 2659 crus
808 2611 889 2658 non
911 2601 1048 2684 posset.
1081 2589 1152 2659 Ne·

152 2699 228 2792 que
249 2699 373 2795 potuit
393 2701 480 2772 satis
499 2699 668 2791 extendi;
688 2703 758 2774 etsi
774 2715 864 2774 tunc
890 2702 1082 2801 aliquanto
1101 2699 1152 2773 fa·

151 2811 259 2884 cilius
273 2814 563 2907 extendebatur,
586 2843 671 2888 cum
689 2816 873 2890 flexurum
892 2817 1150 2890 musculorum

144 2927 343 3018 'tendines,
357 2933 424 3029 qui
440 2931 488 3004 ad
507 2931 690 3032 poplitem
710 2933 819 3006 valde
838 2933 1006 3006 contenti
1024 2951 1148 3020 erant,

149 3044 189 3114 in
202 3057 456 3121 transversum
473 3048 623 3124 dissecti
647 3065 744 3124 sunt.
762 3053 934 3141 Quorum
958 3051 1151 3124 musculo-

147 3183 256 3253 rum,
273 3177 315 3236 ut
332 3191 457 3264 neque
476 3181 737 3258 extensorum,
750 3167 857 3242 color
877 3165 963 3257 luit,
981 3185 1023 3241 ut
1040 3186 1147 3242 caete-

146 3301 286 3350 rorum·
301 3306 390 3355 sane
409 3280 554 3372 fuerat,
568 3283 731 3376 rubens,
745 3285 810 3358 sed
827 3283 954 3358 luscus
976 3301 1013 3358 et
1035 3286 1149 3358 obso-

146 3395 253 3468 letus.
281 3400 383 3493 Quin
401 3401 513 3473 etiam
528 3425 724 3500 perpaucae
746 3403 983 3502 mucilaginis
999 3428 1081 3501 quae
1108 3406 1149 3474 in

145 3533 248 3610 genu
269 3513 335 3584 illo
364 3531 464 3605 erat,
488 3519 596 3589 color
622 3519 670 3592 ab
697 3522 858 3594 naturali
895 3520 1149 3618 discrepabat,

147 3644 186 3700 et
211 3630 484 3730 mucilaginosa
511 3635 633 3732 major
661 3636 859 3735 glandula,
896 3636 988 3708 albae
1012 3639 1146 3727 instar,

145 3743 397 3844 subduraeque
411 3750 651 3848 pinguedinis
669 3753 884 3852 apparebat.
896 3752 968 3824 Sed
979 3753 1056 3824 baec
1071 3752 1147 3828 fere

147 3862 488 3940 omniaamotuum
500 3869 707 3940 cessatione
717 3868 1146 3968 illornmmusculorum,

146 3976 301 4079 ejusque
325 3979 511 4080 juncturae
550 3982 772 4058 deducenda
804 4008 883 4060 esse
908 3981 1145 4072 videbantur.
