2700 4660
299 421 373 500 206
464 445 511 495 oa
537 443 681 496 srmms
705 443 749 493 nr
774 442 898 494 closts
923 442 1130 496 ntonnoaott
1346 437 1347 522 t

300 564 533 661 cingentem,
558 560 628 632 sub
645 559 784 656 quibus
801 561 840 629 in
860 559 1071 632 rhachitico
1095 585 1214 658 puero
1240 581 1300 635 os·

299 683 396 753 sium
426 678 595 766 humeri,
626 677 968 760 etfemoris'certre
1000 695 1124 776 partes
1152 682 1201 752 sic
1237 680 1301 751 ab·

302 815 457 894 sumptae
485 794 649 867 fuerant:
677 797 782 866 utin
808 796 1002 867 materiam
1031 794 1190 868 abierint
1215 796 1301 868 flui·

301 914 406 1000 dam,
438 915 592 984 minime
628 911 799 1002 fetidam,
831 913 977 1003 albam,
1007 937 1185 1011 grumoso
1215 915 1303 985 lacti

299 1056 380 1102 non
397 1029 626 1119 absimilem,
639 1056 751 1128 quem
766 1046 966 1128 propterea
983 1029 1161 1102 morbum
1173 1031 1304 1101 olbam
1346 1037 1347 1124 l

302 1153 437 1218 ossium
458 1154 595 1218 cariem
619 1150 699 1246 ipse
719 1147 948 1219 nominabat.
978 1148 1014 1218 Si
1040 1148 1205 1218 Platneri
1231 1148 1302 1218 dis·
1344 1199 1347 1252 Δ

302 1266 563 1354 sermionem,
576 1264 693 1358 habes
710 1263 982 1362 quaeinscri'pta
1000 1279 1061 1340 est.
1076 1263 1125 1334 de
1141 1264 1303 1334 thoraci·
1346 1269 1347 1360 l

260 1455 261 1460 ,
302 1384 385 1471 bus,
404 1382 530 1454 videre
556 1361 721 1480 poteris,
753 1405 847 1450 num
875 1377 993 1468 forte,
1026 1395 1063 1452 et
1094 1397 1304 1480 quatenus,

306 1499 382 1572 huc
399 1498 741 1594 attineantillaquae
755 1496 801 1570 de
820 1523 863 1570 ea
879 1497 1140 1571 dissertatione
1156 1500 1196 1570 in
1207 1501 1303 1570 Actis

302 1619 545 1690 Eruditorum
575 1615 632 1713 (1)
656 1616 747 1713 legi:
770 1641 854 1688 ossa
876 1623 914 1687 in
934 1633 1047 1688 aetate
1064 1622 1305 1716 provectiori·
1346 1607 1347 1640 ³

305 1738 374 1808 bar
401 1731 607 1830 aliquando
631 1750 774 1832 proeter
805 1749 980 1806 naturam
1002 1740 1059 1828 'ita
1086 1733 1246 1820 molliri,
1273 1749 1306 1803 et

271 1836 275 1843 ’
304 1877 411 1923 cerea
434 1876 480 1921 ac
486 1851 651 1947 fragilia
669 1854 766 1948 fieri
778 1905 788 1940 ‚
814 1866 879 1938 ut,
905 1857 1016 1949 quasi
1042 1851 1212 1956 liquata,
1238 1852 1302 1942 dis-

257 2000 258 2005 ¹
291 1969 444 2067 fluant,·
457 1968 731 2083 quodpropria
746 1968 895 2066 quidem
908 1975 1155 2068 aperienda,
1175 1975 1214 2063 in
1227 1993 1304 2040 osse

305 2084 440 2156 dextro
458 2091 688 2157 innominata
705 2091 781 2158 viri
796 2085 1231 2190 eujusdamoompertum
1244 2101 1299 2158 est.

303 2203 493 2300 Denique,
513 2217 556 2274 ut
573 2227 594 2272 a
611 2201 867 2274 diffluentibus
895 2201 943 2274 ad
962 2203 1114 2275 scissilia
1140 2229 1225 2276 ossa
1251 2229 1302 2274 re·

304 2320 433 2406 deam,
447 2321 497 2392 ill.
519 2320 658 2392 Halleri
674 2322 727 2418 (a)
745 2321 958 2392 observatio
972 2336 1091 2392 exstat
1109 2323 1150 2392 in
1168 2320 1302 2408 fibula,

206 2523 209 2532 β
304 2463 386 2536 quae
403 2439 581 2536 periostio
595 2464 673 2508 non
693 2453 860 2528 mutato,
877 2427 1015 2509 carneo
1036 2441 1219 2527 omnino,
1247 2453 1302 2510 aut

303 2557 411 2630 molli
428 2557 634 2654 cartilagini
654 2557 797 2644 similis,
820 2559 917 2628 casei
930 2554 1007 2628 fere
1025 2557 1217 2631 solidioris
1232 2583 1303 2630 mo·

305 2671 355 2744 do
380 2674 529 2746 scissilis
554 2671 648 2746 facta
672 2666 751 2746 erat
776 2690 1023 2772 tumensque;
1044 2675 1147 2746 intus
1172 2673 1302 2760 fetido,

302 2791 430 2862 ulcere
453 2815 569 2862 erosa.
594 2796 683 2882 Quae
709 2794 835 2862 omnia
859 2793 927 2864 etsi
953 2817 1031 2862 non
1045 2793 1172 2890 ‘magis
1195 2815 1301 2890 quam

303 2907 412 2978 Potiti
446 2907 748 2996 observationes,
784 2907 834 2978 ob
877 2909 1114 2994 alterutram,
1154 2895 1235 2980 autx
1259 2906 1301 2979 ob

303 3039 521 3120 utramque,
540 3024 586 3095 de
604 3049 679 3121 qua
700 3049 811 3122 supra
833 3024 975 3096 dictum
996 3041 1051 3098 est
1070 3035 1244 3113 causam,
1262 3021 1301 3095 ad

304 3143 537 3240 propositam
549 3142 723 3230 attinent,
742 3143 1025 3239 pretermittere
1039 3159 1166 3214 tamen
1183 3143 1300 3227 nolui,
1346 3193 1347 3264 p

303 3259 458 3329 minime
475 3249 651 3329 dubitans
668 3261 761 3356 quin
781 3259 923 3356 aliquid
944 3285 989 3331 ex
1004 3259 1049 3331 iis
1075 3261 1218 3358 quaein
1242 3263 1302 3334 sin·
1346 3333 1347 3356 2

305 3376 401 3473 gulis
418 3391 611 3473 comperta
636 3393 723 3448 sunt
747 3359 937 3475 partibus,
961 3378 1166 3475 aliquando
1188 3381 1300 3476 possis
1346 3387 1347 3432 ³

305 3493 410 3563 adea
428 3519 510 3590 quae
533 3494 572 3564 in
597 3494 770 3592 pluribus
788 3492 920 3583 simul,
943 3511 1007 3566 aut
1029 3493 1106 3568 fere
1129 3498 1301 3570 omnibus
1346 3481 1347 3508 ³

200 3635 203 3645 s
304 3626 527 3696 occurrunt,
544 3611 785 3709 intelligenda
806 3611 1018 3684 transferre.
1048 3593 1160 3684 Nune
1183 3626 1315 3686 autem*

304 3773 1295 3810 ........,...................................-...x...
1346 3765 1347 3820 t

340 3892 384 3970 (ι)
404 3896 462 3950 An.
476 3893 547 3968 1751
553 3915 608 3968 ,m.
620 3905 694 3969 sept.
700 3937 708 3965 ,
719 3915 750 3970 p.
764 3915 782 3953 α
790 3937 800 3968 ,
812 3915 848 3954 ex
859 3894 923 3970 ejus
931 3895 1176 3957 dissertationum
1184 3937 1193 3972 ,
1205 3897 1299 3974 palo,

342 3991 386 4074 (a)
407 3995 518 4070 Opusc.
535 3995 649 4070 pathol,
670 3995 732 4053 obs.
752 3994 800 4063 54.
1192 3990 1195 3994 ’
