2700 4660
298 373 368 422 ²22
452 363 499 420 DE
525 366 670 424 scottus
697 367 741 418 ET
765 367 892 421 CAUSIS
917 366 1131 424 MORBORW

298 486 380 558 viro
397 485 468 560 isto
487 481 775 556 offendissemus
793 483 953 558 vitiatos.
976 489 1061 559 Haec
1081 475 1184 556 enim
1213 505 1299 580 qua·

297 617 408 691 tuor,
427 603 577 701 pulmo,
594 614 718 687 rorte,
742 614 779 674 et
795 623 907 676 renes
931 627 1017 676 curn
1036 604 1112 676 suis
1129 601 1302 701 appendi·

299 721 406 794 cibus
420 720 551 816 sepius
574 717 766 816 aliquanto
793 735 1042 792 occurrerunt
1073 720 1189 793 nobis
1208 719 1301 791 labe·

300 837 431 910 factata
445 838 483 906 in
506 835 550 908 iis
572 835 638 932 qui
657 835 718 934 lue
731 834 801 908 hac
822 834 889 908 'diu
909 837 1148 935 graviterque
1163 837 1302 910 labora·
1338 859 1339 940 t

299 970 448 1042 verant,
464 977 578 1050 quam
596 978 641 1024 ex
654 952 923 1052 plerorumque
935 953 1123 1026 librorum
1139 956 1339 1034 lectione
1338 941 1339 1014 i

302 1069 408 1142 facile
422 1070 623 1140 existimes.
645 1069 778 1144 Viscus
799 1085 925 1142 autem
943 1070 1038 1142 illud
1055 1071 1162 1169 quod
1175 1065 1339 1144 doctis
1338 1107 1339 1144 i

303 1191 386 1266 simi
376 1187 546 1262 'solim
514 1188 584 1260 vui
603 1211 679 1284 prae
698 1188 838 1260 caeteris
856 1188 983 1260 laesum
999 1204 1113 1286 atque
1128 1189 1225 1262 adeo
1237 1188 1339 1264 luis
1338 1161 1339 1308 1

302 1305 416 1400 hujus
450 1302 577 1392 sedem
611 1327 692 1376 esse
735 1303 985 1392 tradiderant,
1014 1321 1058 1378 ut
1090 1330 1136 1378 ex
1177 1305 1300 1405 Sepul
1338 1267 1339 1394 i

302 1421 628 1518 chret0(1)vides
655 1447 735 1494 non
758 1423 1046 1496 assentientibus
1068 1439 1196 1496 tamen
1227 1397 1339 1494 aliis
1338 1465 1339 1554 1

303 1541 407 1641 quod
425 1541 656 1636 indidemto
637 1539 673 1636 2)
697 1563 922 1640 cognosces,
940 1542 1049 1638 jecur
1076 1541 1189 1631 dico,
1216 1539 1300 1612 mihi
1338 1561 1339 1640 t

304 1660 546 1760 unquamin
577 1657 709 1728 iisdem
746 1657 972 1754 corporibus
997 1659 1166 1730 vitiatum
1197 1681 1299 1756 appa·

304 1778 445 1865 ruisse,
477 1778 517 1846 in
554 1775 749 1873 praesentia
781 1799 860 1846 non
884 1777 1050 1847 memini.
1077 1778 1154 1850 Nec
1187 1793 1301 1849 tamen

303 1909 505 1993 propterea
523 1890 669 1964 inficias
695 1893 825 1978 ivero,
853 1917 935 1990 quae
962 1894 1106 1982 rarius,
1125 1909 1192 1966 aut
1213 1915 1300 1964 nun·

304 2036 419 2110 quam
439 2010 553 2098 mibi,
567 2035 610 2080 ea
628 2010 761 2106 saepius
779 2008 884 2097 aliis,
904 2025 940 2082 et
957 2035 1038 2108 quae
1051 2012 1186 2109 sepius
1200 2009 1299 2094 mibi,

306 2154 349 2202 ea
367 2129 488 2200 rarius
518 2127 598 2200 aliis
623 2151 825 2198 occurrere
843 2129 1032 2224 potuisse;
1058 2149 1185 2226 neque
1213 2129 1300 2200 enim
1338 2145 1339 2208 ξ

306 2246 407 2323 aliud
423 2245 485 2316 hic
502 2246 609 2333 v010,
627 2247 700 2316 nisi
721 2267 803 2342 quae
824 2245 919 2315 mihi
945 2237 1182 2344 frequentius
1208 2249 1299 2317 inve·
1338 2283 1339 2322 r

306 2365 388 2435 nire
413 2364 632 2460 contigerit,
667 2361 736 2432 tibi
773 2361 957 2450 indicare,
987 2363 1108 2461 probe
1139 2365 1299 2438 conscius
1338 2395 1339 2448 3

307 2479 405 2556 hanc
437 2481 560 2566 luem,
591 2496 637 2551 ut.
663 2479 735 2551 sub
765 2480 1036 2579 cujuscumque
1064 2483 1192 2556 morbi
1213 2484 1300 2554 larva

307 2599 499 2672 interdum
535 2598 777 2686 delitescere,
806 2599 858 2669 ita
884 2601 1159 2699 quodcumque
1191 2603 1299 2672 viscus

306 2741 416 2817 posse
434 2717 574 2786 vitiare.
593 2719 685 2804 Quae
705 2714 830 2786 autem
855 2740 985 2788 revera
1004 2717 1203 2807 j'crebrius,
1230 2739 1298 2816 quae
1338 2731 1339 2798 t

306 2837 431 2907 minus
454 2833 589 2908 crebro
615 2829 766 2920 afficiat,
792 2858 872 2904 non
905 2829 1011 2906 facile
1043 2851 1130 2908 aute
1151 2851 1298 2917 statues,

308 2976 422 3062 quarn
442 2951 566 3024 multae
589 2950 796 3020 multorum
822 2950 1136 3053 observationes
1127 2979 1168 3024 sn
1190 2973 1339 3025 unum
1338 2927 1339 2990 i

308 3053 561 3144 conferantur.
580 3067 652 3136 Sed
669 3068 798 3138 mirari
823 3067 945 3158 subit,
972 3095 1059 3141 cum
1088 3069 1218 3142 infecti
1236 3070 1297 3139 boc
1338 3091 1339 3094 ’

221 3208 223 3212 ’
308 3185 445 3260 morbo
468 3200 525 3256 tot
550 3185 691 3255 mortui
710 3185 805 3274 sint,
829 3200 964 3284 totque
981 3189 1217 3275 moriantur,
1237 3187 1298 3258 dis·

308 3305 494 3387 sectiones
509 3326 592 3399 quoe
609 3300 734 3373 adhuc
747 3317 916 3391 exstant,
927 3305 1080 3377 minime
1090 3329 1226 3376 eorum
1241 3327 1299 3374 nu·

233 3429 236 3434 “
308 3444 416 3493 mero
439 3418 679 3516 respondere.
711 3425 756 3490 Et
778 3437 879 3492 certe
900 3423 940 3492 in
959 3421 1057 3494 banc
1075 3419 1313 3522 Sepulcbreti·

309 3538 513 3614 sectionem
527 3537 665 3636 relatas
677 3537 821 3611 videbis
840 3565 919 3611 non
936 3541 986 3612 ita
1007 3541 1154 3614 multas
1179 3547 1297 3636 ltaque

306 3719 517 3738 Μ

540 3922 610 3995 4,5
625 3933 654 3978 et
667 3923 778 3992 (ubst.

349 3923 448 3999 (th

381 3820 391 3902 )
412 3825 485 3881 bs
504 3828 568 3895 2,
554 3779 772 3900 §i,riet3.¹
