2836 4648
107 473 1005 555 muvmuanurumstucru.sornmonurrsr.cxx.
1033 481 1106 580 675

108 620 387 724 quentissimis,
414 617 711 717 inspicientibus
747 619 912 692 Primum
930 621 970 691 in
1000 621 1113 692 noso·
1197 617 1202 625 ’

109 739 236 808 comio
255 751 397 809 sectum
415 751 571 808 estante
586 733 753 810 medium
769 736 1009 810 decembrem
1025 741 1115 810 anui

114 852 219 954 1759·
665 948 669 960 l

135 989 138 998 ’
162 971 195 1044 3.
217 972 386 1045 Mulieris
399 970 601 1061 herniosae,
615 986 652 1044 et
664 971 714 1042 ob
734 969 809 1044 hoc
825 977 949 1071 ipsum
969 971 1117 1044 inllam·
1214 1063 1217 1069 Ι

109 1088 733 1178 mationeintestinorumsublatae,
752 1087 837 1162 cum
845 1092 985 1162 viscera
1002 1091 1118 1190 plera·

110 1233 188 1306 que
221 1208 488 1296 detraxissent,
531 1223 574 1280 ut
610 1223 735 1306 partes
761 1232 807 1280 ex
841 1207 989 1305 reliquo
1032 1233 1119 1279 cor·

108 1350 206 1424 pore
234 1340 446 1411 sumerent,
476 1349 570 1422 quas
601 1324 647 1395 ad
674 1326 884 1396 anatomica
911 1325 1113 1415 elementa,

108 1458 152 1515 ut
179 1441 272 1514 mihi
289 1467 371 1513 mos
397 1457 470 1529 est,
497 1440 790 1514 demonstranda
814 1457 1039 1540 appararent
1059 1445 1118 1516 ni·

106 1555 395 1656 bilnisicaput‚
416 1573 453 1629 et
467 1557 658 1656 genitalia,
678 1560 756 1655 ipse
770 1559 984 1630 examinavi.
1006 1566 1117 1634 Cere·

108 1673 245 1763 hrum,
264 1677 332 1748 etsi
352 1673 504 1746 firmum
529 1691 632 1762 erat,
654 1675 731 1746 imo
756 1673 1014 1748 duriusculum
1035 1705 1044 1766 ;
1068 1694 1118 1749 ta·

76 1798 79 1804 ’
108 1821 201 1868 men
221 1797 320 1865 intra
349 1793 519 1866 laterales
538 1794 769 1866 ventriculos
793 1792 1019 1866 choroidum
1042 1795 1119 1894 ple·

109 1903 231 1986 riuum
258 1937 340 1984 eam
362 1911 481 2009 ipsam
506 1925 650 2010 partem
683 1937 758 2009 qua
790 1935 829 1984 sc
859 1909 906 1982 ad
935 1911 1117 2011 angulum

112 2055 262 2104 sursum
295 2027 517 2116 reflectunt,
542 2044 584 2100 ut
615 2029 802 2100 thalamos
833 2031 1005 2127 operiant
1033 2055 1143 2120 neu.

111 2148 249 2219 tiorum
269 2148 482 2246 optinorum
498 2201 508 2235 ‚
526 2144 715 2220 obsessam
731 2148 909 2244 utrinque
927 2146 1119 2220 habebant

113 2287 249 2336 acervo
269 2263 434 2364 quodam
456 2265 563 2362 quasi
580 2264 705 2350 muci,
728 2263 867 2334 cinerei
884 2258 1044 2338 obsoleti
1062 2290 1119 2336 co·
1223 2333 1224 2340 ,

114 2383 227 2468 loris,
245 2385 283 2452 in
305 2381 526 2481 spbaeroidis
546 2380 707 2480 figuram
728 2380 973 2470 conformati,
1000 2397 1118 2455 traus-
1147 2463 1150 2473 y
1208 2373 1210 2379 ¹

113 2503 213 2573 versi
230 2500 335 2599 digiti
349 2499 606 2572 crassitudine.
634 2497 736 2571 Nihil
755 2501 879 2594 autem
900 2495 978 2570 erat
993 2501 1114 2586 aliud,

114 2617 188 2690 nisi
201 2615 421 2716 hydatidum
439 2641 613 2705 acervus,
635 2642 717 2714 quae
734 2619 769 2687 ei
789 2619 1025 2714 potissimum
1048 2619 1123 2716 ple·

114 2759 231 2806 xuum
246 2737 362 2833 parti,
375 2736 616 2832 quantumvis
631 2760 708 2804 non
720 2759 762 2805 ea
781 2736 904 2832 copia,
917 2733 1021 2806 haud
1032 2761 1118 2809 raro

116 2851 240 2922 solent
273 2851 447 2924 insidere.
475 2855 528 2922 'In
548 2849 773 2950 genitalibus
804 2851 1011 2950 quidquam
1039 2880 1119 2926 non

115 2965 184 3040 fuit
204 2968 308 3068 quod
332 2969 575 3040 adnotatione
595 2968 751 3066 dignum
772 2985 878 3041 esset.
900 2962 1031 3068 Itaque
1052 2999 1118 3044 au-

115 3111 249 3158 nexam
275 3087 479 3158 urinariam
506 3085 690 3172 vesicam,
709 3083 792 3184 quae
805 3088 844 3157 in
868 3112 906 3158 se
926 3083 1118 3163 contracta

115 3220 217 3292 erat,
239 3204 514 3304 urethramque
534 3206 716 3304 persecui.
739 3209 783 3276 Et
796 3193 835 3276 in
856 3204 947 3279 facie
962 3207 1117 3308 quidem

115 3319 217 3393 illius
234 3323 414 3394 interiore
435 3324 654 3424 priusquam
676 3321 726 3426 ad
750 3323 938 3397 orificium
962 3327 1119 3425 propius

116 3435 331 3524 accederet,
357 3439 450 3510 duas
476 3455 610 3538 praeter
633 3457 805 3512 naturam
830 3457 1015 3515 exstantes
1039 3469 1122 3540 par·

119 3553 196 3642 vas,
214 3553 491 3645 srrbrotundas‚
516 3557 728 3655 depressas,
759 3557 983 3648 subrubraS‚
1011 3562 1119 3634 laeves

116 3673 224 3771 quasi
238 3670 432 3772 glandulas
459 3661 744 3771 conspeximus,
764 3674 810 3745 ad
837 3677 961 3772 ipsum
993 3694 1119 3751 autem

29 3867 35 3883 ,
117 3787 326 3890 orificium?
362 3803 427 3860 aut
455 3791 553 3861 intra
581 3789 655 3861 hoc
685 3790 781 3860 nihil
797 3800 963 3888 'prorsus
990 3793 1118 3870 videre

116 3907 310 4005 potuimus
327 3903 431 4004 quod
448 3906 507 3979 vel
525 3902 656 3977 leviter
675 3909 918 4004 promineret.
940 3915 1060 4010 Atque
1077 3930 1120 3988 ut

116 4021 322 4130 intelligas,
344 4049 458 4123 quam
481 4038 642 4109 attente,
671 4041 708 4097 et
727 4023 926 4124 diligenter
950 4032 1122 4126 quaesive-
