2732 4654
314 445 385 532 354
479 467 526 514 nr
551 463 698 514 anninus
723 465 767 512 nr
792 465 917 512 caus1s
942 465 1152 518 nosnosuu

245 624 248 648 ι
310 583 408 681 ipsi,
445 595 510 651 aut
542 601 676 652 eorum
712 579 780 676 qui
802 577 999 702 viderant,
1040 583 1188 690 scripta=
1203 577 1304 682 legis-

314 699 426 774 sent?
1120 703 1124 712 ’

362 816 419 889 38.
434 815 502 886 Hic
519 810 625 886 facile
648 838 695 884 ex
716 837 777 884 me
798 837 965 911 quaeres,
993 815 1034 887 in
1063 814 1306 915 disputatione

234 935 238 943 ’
307 933 372 1006 illa
390 930 437 1006 de
457 955 594 1030 genere
609 931 743 1002 mortis
764 927 969 1032 Cleopatra
996 957 1079 1030 quae
1107 933 1203 1005 mihi
1226 959 1306 1007 cum

307 1053 390 1123 viro
407 1048 815 1148 amplissimoLancisio
835 1045 926 1138 fuit,
955 1049 1050 1148 quid
1077 1075 1210 1126 revera
1228 1053 1302 1150 ipse

310 1169 438 1246 animo
467 1169 667 1254 sentirem,
691 1163 845 1262 quando
870 1168 1156 1241 exercitationis
1188 1193 1307 1257 causa,

309 1301 354 1358 ut
376 1283 419 1356 fit
439 1307 534 1383 soepe
551 1284 651 1356 inter
667 1283 830 1370 amieos,
848 1281 999 1356 videtur
1024 1283 1087 1357 illa
1111 1309 1134 1357 a
1157 1311 1217 1358 me
1236 1270 1308 1360 sus·

311 1417 436 1500 cepta,
453 1425 525 1474 uec
543 1399 715 1492 secunde
726 1399 809 1496 ejus
830 1402 1072 1500 responsioni
1088 1427 1110 1474 a
1127 1427 1190 1505 me
1209 1429 1311 1504 repo·

267 1553 270 1560 ’
310 1523 423 1593 situm
440 1517 648 1617 quidquam
674 1531 802 1589 exstat.
824 1523 903 1617 Ego
927 1543 1019 1593 vero
1045 1521 1085 1590 in
1104 1543 1146 1594 re
1166 1547 1247 1620 quae
1267 1521 1309 1594 oh
1360 1549 1361 1562 ¹

308 1650 530 1708 vetustatem
550 1633 629 1706 sine
646 1635 860 1732 priscorum
878 1637 1102 1709 testimoniis
1118 1662 1190 1736 pro
1214 1655 1309 1712 certo
1360 1653 1361 1690 t

308 1777 389 1828 non
409 1767 536 1854 posset
555 1747 725 1839 definiri,
753 1777 840 1824 cum
862 1751 959 1826 forte
983 1753 1023 1825 in
1041 1756 1226 1828 Vaticana
1240 1781 1309 1828 me·

307 1872 509 1947 tallotheca
527 1869 582 1969 (1')
598 1869 644 1941 ad
654 1871 1064 1970 morientisCleopatra·
1077 1873 1309 1948 simulacrum

308 1991 389 2062 haec
398 1989 446 2062 ab
458 1987 769 2085 Lancisio(quem
780 1971 827 2060 de
839 2005 996 2089 accepto
1008 1988 1108 2061 libro
1118 1993 1310 2065 certiorem

307 2109 431 2182 facere
451 2107 633 2179 continuo
653 2104 869 2203 oportebat)
888 2103 1066 2179 adnotata
1085 2109 1310 2180 animadver-

309 2228 455 2300 tissem:
474 2227 512 2292 in
529 2219 684 2293 brachio
709 2225 812 2319 aspis
836 2238 1040 2320 spectatur,
1067 2225 1173 2320 cujus
1195 2251 1312 2298 morsa

290 2343 549 2440 ‚Cieopatram
591 2339 807 2412 occubuisse
848 2340 1019 2438 vulgaris
1047 2343 1134 2434 fert
1168 2350 1311 2442 opinio:

314 2465 483 2560 quamvis
509 2455 577 2529 alit
594 2469 707 2557 epoto
734 2475 880 2530 veneno
903 2476 1061 2531 mortem
1079 2463 1153 2534 ribi
1180 2466 1312 2534 conso·

314 2583 403 2651 visse
436 2575 682 2665 contendant,
710 2577 947 2674 suspicatus,
970 2593 1122 2651 exstare
1150 2575 1310 2652 fortassis

310 2695 484 2794 ignotum
501 2692 597 2764 mihi
615 2693 751 2765 veteris
771 2695 973 2792 Scu'ptoris
995 2693 1123 2768 locum
1148 2698 1223 2796 ‘qui
1243 2696 1308 2768 hoc

310 2809 540 2898 tradidisset,
559 2808 655 2880 nihil
667 2810 785 2907 magis
798 2811 839 2880 in
857 2828 1017 2911 utraque
1037 2813 1197 2911 epistola
1215 2833 1311 2913 spec·

308 2927 405 3017 tavi,
417 2951 530 3025 quam
547 2942 590 2998 ut
605 2949 693 2999 eum
709 2928 856 3018 locum,
875 2930 906 3001 si
923 2931 1008 3030 quis
1023 2927 1120 3002 forte
1134 2945 1258 3021 esset,
1273 2953 1311 3001 ex

313 3046 485 3119 Lancisio
502 3045 688 3144 elicerem.
706 3051 835 3144 anue
853 3063 979 3121 mente
1002 3073 1083 3148 quae
1107 3073 1181 3148 pro
1200 3049 1310 3148 magis

195 3208 197 3214 ι
314 3164 462 3263 vulgata
476 3163 658 3262 opinione
673 3161 835 3264 proferri
854 3189 875 3237 a
900 3191 961 3238 me
981 3168 1105 3240 statim
1123 3181 1310 3266 poterant,

265 3347 267 3358 ,
316 3296 354 3355 et
383 3277 620 3371 confirmari,
659 3283 776 3354 semel
804 3295 917 3380 atque
953 3275 1092 3355 iterum
1131 3281 1179 3354 ad
1212 3285 1311 3356 illum

315 3400 457 3498 scripsi.
469 3401 599 3491 Quem
619 3399 745 3471 locum
765 3423 811 3472 ex
832 3400 912 3497 ejus
935 3401 1096 3496 unisset
1114 3401 1242 3482 alteris
1262 3401 1310 3474 lit·

314 3519 404 3592 teris
427 3543 515 3590 cum
535 3541 615 3590 esse
639 3517 786 3589 nullum
807 3517 1094 3608 intellexissem
1113 3515 1222 3590 facilc
1238 3520 1310 3616 ejus

260 3715 263 3732 ,
314 3636 501 3708 voluntati
520 3633 723 3706 obsecutus
744 3659 845 3725 sum,
863 3639 905 3708 ut
922 3631 1038 3706 finem
1058 3633 1220 3708 iacerem
1242 3637 1308 3708 dis·

344 4008 396 4085 (i)
417 4009 463 4064 Ad
479 4006 532 4064 fin.
547 4011 664 4063 Armar.
680 4025 725 4063 to.
