2858 4658
163 458 231 505 rra.
244 461 294 507 rr.
310 463 359 510 nr
373 461 509 510 nouars
521 461 722 528 carruae,
738 452 806 510 etc.
822 462 933 510 rrrsr.
944 447 1007 509 nr.
1061 463 1100 535 7¹

106 593 283 669 rumque,
301 593 345 647 ut
364 577 607 675 superstitem
632 592 695 648 aut
722 577 890 673 ejusdem
924 575 1108 662 membri,

107 704 162 758 aut
185 691 343 764 alterius
369 710 513 792 partem
538 717 627 764 mox
648 694 746 764 idem
777 692 934 764 morbus
954 692 1108 764 invade-

107 819 177 890 ret,
203 808 282 880 sive
301 835 321 880 a
344 811 523 910 chirurgo
543 813 800 910 amputatione
818 825 987 910 peracta,
1008 823 1048 882 ut
1067 809 1108 876 in

108 923 251 996 Hildani
272 927 349 1025 (r),
381 944 417 1002 et
433 929 557 1027 Tulpii
579 930 651 1026 (a).
685 945 722 1001 et
749 929 910 1000 aliorum
937 928 1113 1000 observa·

108 1038 291 1135 tionibus,
310 1047 386 1118 sive
415 1043 509 1118 facta
535 1047 582 1118 ab
602 1063 734 1118 natura
754 1048 833 1145 ipsa
855 1047 1108 1144 separatione,
1182 1041 1188 1062 '

108 1161 192 1230 utin
209 1163 441 1260 epidemicis‚
451 1161 661 1262 quassupra
676 1166 729 1262 (3)
743 1165 1005 1250 indicavimus,
1017 1189 1108 1260 gan-

110 1280 236 1371 granis
257 1306 278 1350 a
306 1283 441 1356 vitiatis
465 1283 594 1354 secalis
620 1285 744 1379 granis
769 1283 895 1354 videre
918 1283 1014 1352 licet.
1045 1286 1109 1350 Ha·

110 1392 218 1489 igitur
249 1423 389 1487 causae,
423 1415 558 1496 prater
591 1399 818 1497 decrepitam
856 1414 1029 1485 atatem,
1068 1398 1109 1466 in

111 1534 203 1608 agro
235 1539 343 1586 ame
369 1516 576 1614 descriptO,
612 1519 776 1614 cogitare
802 1517 848 1587 de
877 1513 1109 1614 amputando

112 1630 202 1724 pede
216 1659 296 1704 uon
316 1637 580 1732 permiserunt.
611 1635 682 1705 Sed
702 1637 770 1706 etsi
790 1651 999 1707 extremum
1014 1631 1109 1703 illud

114 1751 236 1820 auxilii
278 1777 396 1850 genus
425 1751 521 1826 ferre
551 1753 668 1824 homo
703 1778 885 1851 persenex
911 1753 1110 1851 potuisset,

115 1889 234 1964 neque
252 1871 326 1940 alio
343 1870 443 1940 idem
465 1871 605 1941 malum
623 1870 736 1968 paulo
757 1887 842 1968 post
853 1869 1040 1954 rediisset,
1058 1860 1112 1939 ta·

116 2005 198 2055 men
213 1985 363 2058 difficile
381 1985 480 2058 factu
497 2003 593 2075 erat,
609 2013 656 2058 ne
675 2013 763 2058 mox
776 2012 875 2058 novo
894 1987 967 2058 aiio
983 1987 1111 2082 aliquo
1146 2013 1147 2016 ¹

118 2097 159 2172 de
174 2117 229 2175 tot
242 2104 382 2202 quibus
400 2106 462 2178 illa
478 2107 609 2178 ultima
623 2121 707 2177 aetas
729 2119 844 2204 patet,
871 2129 909 2176 se
937 2117 1114 2174 exerente

119 2217 381 2294 absumeretur.
411 2227 462 2294 Ut
492 2225 599 2310 enim,
621 2223 747 2294 morb'i
783 2224 964 2314 duntaxat
998 2221 1113 2292 unius

121 2341 283 2437 exemplo
300 2356 406 2428 utar,
430 2366 550 2438 eoque
579 2342 625 2413 ad
643 2331 757 2438 hujus
787 2339 953 2440 epistolae
972 2363 1113 2437 propo·

121 2455 223 2526 situm
242 2459 421 2530 attinente
434 2485 443 2549 ;
458 2460 683 2555 intermagis
702 2473 903 2555 provectos
924 2455 1114 2526 auditores

122 2597 220 2647 meos
236 2591 290 2648 est
310 2576 479 2649 medicus
496 2578 562 2674 qui
576 2593 674 2662 tres,
690 2600 814 2672 neque
827 2575 877 2644 ita
895 2573 1011 2669 longo
1027 2587 1117 2642 tem·
1177 2600 1180 2608 ·

124 2693 219 2788 poris
240 2693 436 2765 intervallo
452 2717 559 2766 senes
575 2692 638 2763 bic
656 2691 771 2780 vidit,
799 2691 963 2761 calcanei
984 2712 1116 2759 omnes

126 2808 230 2880 alium
248 2811 394 2899 ulcere,
416 2811 508 2882 alios
533 2834 731 2908 gangraena
760 2823 975 2906 correptos,
1002 2805 1116 2878 felici-

125 2937 247 3022 terque
261 2943 495 3025 persanat0s‚
513 2951 676 3024 quorum
696 2927 865 2996 omnium
882 2925 1115 2995 sanationem

126 3066 314 3116 arenarum
334 3046 470 3116 mictus
485 3046 650 3142 excepit,
671 3059 707 3116 et
719 3043 821 3114 hunc
834 3042 962 3112 vesicae
974 3039 1117 3110 inflam-

127 3162 248 3249 matio,
264 3161 363 3232 hanc
380 3177 503 3233 autem
523 3185 637 3232 mors.
655 3165 787 3256 Itaque
816 3174 861 3246 ult
883 3159 923 3228 in
947 3158 1117 3229 aetatibus

129 3273 370 3365 firmioribtn,
407 3278 584 3364 heroicis,
618 3302 711 3375 quas
732 3291 887 3363 vocant,
914 3275 1118 3346 curationi-

129 3393 193 3468 bus
220 3413 274 3469 est
301 3397 431 3483 locus;
470 3396 637 3493 periculo
666 3396 767 3500 enim
797 3417 882 3492 spes
911 3393 1120 3490 opponitur

126 3611 387 3632 βι--α--ι--ι

164 3769 205 3847 (1)
224 3775 307 3829 Ceut.
326 3777 360 3839 4,
381 3771 445 3827 obs.
462 3789 511 3845 9²

194 3883 333 4070 )01)ε.4
313 3887 582 3960 medfll3,c..47

166 3886 193 3960 (²

167 3994 302 4077 iffi)
