2746 4662
122 464 190 514 ma.
201 466 255 516 vr.
272 469 319 516 nr
331 465 679 534 norrrsomrunc„
697 461 765 520 etc.
779 471 891 520 rrrsr.
907 469 980 520 cvr.
1012 453 1083 546 149

80 574 159 669 bos,
174 597 211 652 et
234 583 621 671 sternomastoidaeos,
643 587 681 654 in
707 584 919 684 eodemque
947 587 1082 658 cricoi-

79 693 159 768 dem
179 700 438 798 cartilaginem
453 702 492 772 in
516 701 634 774 multa
659 699 868 778 diffractam
889 727 968 776 esse
984 702 1081 776 frus·

80 814 169 902 tula,
191 832 229 888 et
247 841 386 916 asperae
405 819 546 890 arteriae
566 835 747 892 truncum
765 845 786 891 a
802 821 955 918 larynge
971 845 1080 919 pror-

81 954 139 1004 sus
156 927 372 1034 abrup'tum.
393 937 506 1030 Quod
533 961 624 1009 vero
655 937 702 1008 ad
730 953 902 1014 externas
926 935 1082 1038 vcaeteras

85 1049 282 1124 violentias
315 1055 471 1143 attinet,
499 1069 541 1125 ut
570 1069 662 1152 puta
684 1055 795 1144 ictus,
822 1055 969 1152 lapsus,
992 1055 1082 1128 alias

80 1166 287 1260 ejusmodi,
306 1185 416 1268 negat
434 1171 491 1266 (ι)
503 1171 617 1245 ullam
636 1187 778 1244 certam
803 1186 840 1242 et
866 1187 1080 1246 accuratam

79 1281 377 1358 observationem
393 1303 520 1359 extare
543 1288 744 1360 iurationis
758 1290 887 1385 primae
899 1286 1080 1360 vertebrae
1154 1344 1156 1348 .

79 1424 97 1470 a
115 1404 461 1507 capite,quantum
489 1407 570 1503 ipse
589 1407 758 1490 noverit,
779 1407 845 1503 qui
869 1421 996 1477 tamen
1017 1431 1080 1478 cen
1192 1401 1199 1416 '

79 1516 195 1594 lebres
215 1521 438 1621 chirurgiae,
456 1548 499 1594 ac
518 1521 831 1596 observationum
848 1523 1080 1621 chirurgica·
1174 1538 1180 1560 ¹

79 1657 156 1706 rum
174 1640 380 1738 scriptores
409 1640 590 1712 evolverit
615 1641 774 1739 amplius
790 1642 1081 1740 quinquaginta.

80 1755 246 1828 Secessus
276 1773 401 1830 autern
426 1756 601 1832 secundae
618 1759 799 1830 vertebrae
828 1782 852 1828 a
873 1759 1024 1855 prima,
1042 1771 1081 1832 et
1108 1753 1116 1764 ’

81 1887 212 1967 quartae
225 1899 247 1946 a
259 1875 476 1972 quintaduo
487 1876 645 1947 omnino
656 1874 834 1973 producit
843 1875 1079 1973 exempla(2)

81 1986 185 2086 digna
204 2015 297 2064 sane
314 2017 397 2090 quae
412 1993 608 2091 legantur,
627 2008 670 2064 ut
688 1991 802 2091 digna
823 2015 976 2090 quoque
989 2005 1079 2066 sunt

81 2104 182 2201 plura
200 2109 342 2206 quaead
357 2109 566 2182 luxationes
576 2109 712 2181 harum
727 2108 987 2182 vertebrarum
998 2133 1082 2208 per·
1098 2153 1100 2160 ·
1172 2117 1174 2121 ’

80 2224 193 2298 tinent
206 2281 219 2315 ,
234 2226 395 2310 monita,
406 2241 449 2298 ut
463 2227 517 2324 (3)
529 2223 605 2298 falli
616 2227 682 2324 qui
699 2252 719 2297 a
737 2227 859 2324 prima
870 2225 1077 2299 secundam

80 2341 286 2415 vertebram
307 2343 469 2414 luxatam
488 2367 568 2416 esse
591 2342 884 2440 nondubitant‚
914 2365 1001 2414 cum
1019 2343 1079 2414 di-

82 2458 139 2553 giti
168 2485 267 2559 apex
293 2461 393 2530 inter
419 2475 618 2557 utramque
646 2460 761 2530 inseri
790 2473 935 2556 potest,
967 2459 1076 2556 quasi

81 2578 220 2650 veroid
240 2574 450 2650 secundum
478 2591 648 2648 naturam
677 2599 758 2646 non
787 2589 931 2672 posset,
950 2601 1076 2674 eoque

81 2697 189 2794 magis
199 2694 643 2794 siinterjectaligamenta
655 2693 730 2762 vim
746 2691 910 2790 aliquam
923 2691 1077 2788 majoris
1152 2743 1166 2752 κ

82 2813 301 2886 extensionis
326 2813 400 2884 sint
429 2837 564 2912 passa:
594 2812 762 2920 itemque
788 2809 843 2908 (Δ)
870 2809 1076 2882 secundam

80 2931 283 3004 vertebram
315 2929 435 3000 luxari
475 2943 690 3001 antrorsum
727 2951 808 2998 non
839 2951 973 3024 posse,
1002 2927 1076 3000 nisi

82 3067 239 3136 snmm0‚
264 3062 302 3121 et
326 3045 540 3120 incredibili
571 3049 716 3145 impetu
743 3042 968 3116 validissima
993 3046 1076 3141 ejus'

81 3161 194 3238 dentis
209 3165 412 3264 ligamenta
428 3179 669 3263 rumpantur,
686 3177 749 3234 aut
766 3161 859 3235 dens
875 3163 956 3260 ipse
972 3160 1074 3234 fran-

82 3294 190 3376 gatur.
213 3283 325 3354 Mitto
335 3295 493 3372 caetera,
512 3280 599 3354 satis
615 3279 717 3351 enim
737 3278 797 3350 vel
813 3304 859 3352 ex
881 3277 940 3350 his
960 3279 1073 3350 intel·

80 3393 178 3495 rigis,
197 3423 245 3470 an
264 3399 350 3496 jure
369 3401 408 3472 in
425 3398 595 3497 ejusdem
613 3395 794 3470 vertebrae
821 3397 1032 3483 iuratione,
1051 3417 1075 3468 a

112 3717 153 3798 o)
174 3724 191 3792 s
212 3671 277 3796 iet
295 3738 345 3778 ιι·

114 3819 155 3898 (a)
175 3825 192 3891 ς
216 3839 249 3877 rr
266 3830 296 3879 et
312 3837 361 3877 m.

115 3915 154 3996 (3)
177 3916 224 3976 1⁵.

111 4014 151 4097 it)
170 4023 188 4091 t
210 4037 259 4078 ια
