2824 4652
323 399 396 494 494
489 417 536 466 on
560 414 708 466 seorsus
731 417 777 464 rr
801 415 926 470 musis
950 416 1162 470 unisonus

324 649 1334 680 mmmmmummmnmmwuummmwwn

376 809 610 912 siisrois
633 833 1138 914 sumomco-nsmcs
1162 837 1290 913 cxlv.

408 1131 412 1142 .
514 1065 584 1142 Ad
596 1067 781 1174 Thoracis
795 1070 946 1141 morbos
956 1077 1134 1170 pertinet.

326 1276 536 1452 Qusrsro
568 1344 718 1442 longius
748 1345 909 1442 spatium
935 1345 1035 1418 inter
1055 1346 1164 1420 illud*
1186 1363 1331 1450 tempus

322 1463 464 1564 quode
484 1462 628 1550 morbis
638 1463 769 1560 capitis
783 1463 923 1560 primas
941 1462 989 1536 ad
1012 1479 1049 1536 te
1068 1465 1220 1540 litteras
1237 1472 1334 1556 misi,

325 1600 362 1660 et
376 1607 519 1656 annum
537 1580 641 1657 bunc
662 1581 891 1669 intercessit,
918 1595 955 1654 et
968 1597 1118 1679 ,quanto
1145 1585 1283 1682 plures
1298 1590 1331 1658 in

325 1703 447 1800 capite
463 1755 473 1786 ,
489 1723 603 1798 quam
623 1700 662 1768 in
676 1697 832 1770 thorace
842 1751 853 1786 ,
863 1703 953 1774 sunt
963 1715 1088 1798 partes
1100 1728 1111 1789 3
1122 1715 1243 1778 tanto
1253 1730 1333 1804 pau·
1403 1773 1404 1788 ,

324 1821 446 1908 ciores
467 1816 514 1896 de
535 1815 650 1912 hujus
666 1814 810 1890 morbis
838 1815 1121 1894 observationes
1146 1825 1266 1918 potui
1284 1825 1332 1894 in-

323 1939 506 2024 stituere;
528 1947 571 2006 ut
584 1931 691 2006 facile
702 1957 978 2031 omnesqueam
996 1935 1068 2008 hac
1081 1961 1160 2010 una
1178 1942 1331 2038 epistola

324 2051 673 2158 comprehendere,
692 2077 766 2150 qua
779 2053 904 2149 primo
922 2053 1007 2138 loco
1022 2077 1106 2152 quae
1125 2059 1167 2128 in
1187 2061 1331 2156 pulmo·

321 2173 437 2250 nibus
451 2171 711 2270 conspexerim
727 2224 737 2260 ‚
755 2169 893 2246 deinde
911 2195 994 2269 quae
1011 2173 1051 2242 in
1065 2173 1209 2264 corde,
1235 2201 1330 2276 mag·

323 2295 460 2390 nisque
473 2291 554 2387 ejus
571 2292 900 2390 uasis,exponan1.

376 2438 408 2484 α.
422 2409 559 2496 Mulier
573 2410 803 2492 consistente
822 2393 926 2491 aetate
945 2424 1197 2496 mortuaotat
1216 2415 1257 2484 in
1274 2439 1331 2486 no
1402 2463 1403 2494 ι

322 2530 448 2614 comio
474 2553 519 2600 ex
550 2525 744 2626 pulmonis
776 2525 1075 2610 inflammatione
1110 2528 1185 2606 sub
1218 2529 1328 2604 finem

319 2647 482 2746 januarii
498 2645 588 2718 anni
609 2643 723 2743 1755,
744 2669 831 2727 cum
853 2669 923 2743 ego
947 2661 1149 2733 anatomen
1163 2650 1206 2720 in
1228 2677 1329 2750 gym-

320 2768 428 2843 nasio
438 2765 626 2870 docerem.
636 2761 749 2854 Quod
764 2779 810 2868 ut
822 2763 973 2861 plenius
981 2761 1103 2846 iacere
1117 2791 1327 2866 pergerem,

318 2885 420 2959 illata
439 2882 529 2954 illuc
544 2897 633 2964 sunt
656 2881 802 2980 exejus
822 2882 933 2959 etiam
961 2881 1141 2956 cadavere
1151 2913 1165 2973 ;
1183 2911 1274 2959 nem
1296 2903 1328 2960 et

321 3028 367 3076 ex
394 3001 475 3078 aliis
498 2997 709 3086 habebam,
737 2999 851 3072 simul
870 3023 957 3074 cum
982 2999 1026 3072 iis
1054 3003 1328 3104 partibusque.

319 3135 403 3192 tum
428 3119 545 3192 urinae
565 3132 645 3188 tum
676 3117 932 3215 generationis
964 3120 1081 3216 gratia
1104 3121 1327 3196 mulieribus

198 3222 211 3256 ²
320 3251 411 3320 sunt
429 3235 640 3324 attributos,
665 3234 851 3322 thoracis,
880 3235 1175 3336 qualiacumque
1202 3257 1327 3326 erant,

206 3382 211 3388 ·
319 3356 434 3455 ipsius
450 3353 592 3426 viscera
625 3375 713 3434 cum
738 3351 1033 3452 diapliragmate.
1065 3357 1223 3432 Ventris
1250 3359 1325 3430 illas
1401 3447 1402 3454 ἵ

306 3487 444 3574 ¹partes
468 3495 557 3545 cum
577 3471 850 3560 examinarem
886 3473 956 3542 alia
986 3498 1069 3570 quae
1100 3491 1323 3547 aconsueta
1401 3467 1402 3490 ³

309 3573 458 3666 *naturae
491 3589 832 3698 normanduntaxat
863 3589 1125 3682 discederent,
1152 3593 1323 3692 aliaque
1401 3655 1402 3686 ἶ

316 3726 452 3810 praeter
486 3723 660 3780 naturam
691 3708 850 3778 omnino
884 3723 1038 3795 essent,
1076 3707 1318 3808 deprehendi.

314 3833 419 3914 Inter
432 3828 573 3928 prima,
595 3847 736 3924 corpus
750 3824 1031 3898 subrotundum
1052 3823 1123 3900 luit
1139 3829 1318 3902 diametro

316 3945 463 4044 pollicis
487 3945 709 4035 transversi,
739 3941 887 4018 rubello
915 3944 1061 4038 colore,
1094 3969 1164 4020 sua
1199 3949 1316 4020 tunica
