2836 4648
85 461 155 510 sm.
165 461 198 508 v.
213 463 259 509 na
274 457 458 508 annaunrs
471 459 597 506 roura.
613 459 736 508 suren.
751 439 864 508 nrrs'r.
876 461 986 508 cxvu.
1014 436 1087 510 613

90 573 405 672 prorsuscarebat
422 572 586 659 orificio,
604 596 690 644 cum
703 575 882 645 cicatricis
893 574 1092 672 vestigium

91 707 289 790 appareret
301 691 467 778 nullum,
483 691 535 762 sic
554 703 590 760 et
608 689 805 761 mulierem
821 689 1010 778 incidens,
1030 691 1094 762 cui

92 813 248 881 maritus
267 825 461 908 nunquam
485 822 660 906 potuerat
685 807 883 906 conjugale
912 823 1090 905 praestare

91 923 259 998 officium
271 981 280 1014 ,
293 941 463 1023 apertum
474 923 806 1034 quidemgenitalis
830 925 969 996 ostium
988 926 1094 996 inve-

94 1044 164 1130 nit;
175 1043 238 1114 sed
249 1045 359 1114 unius
369 1044 452 1124 loco
466 1043 616 1140 vaginas
626 1041 735 1129 duas,
749 1041 796 1112 ad
808 1041 1096 1138 bipartitum‚ut

93 1157 134 1229 i'n
152 1161 274 1231 vaccis
294 1159 522 1256 ovibusque,
539 1172 688 1230 uterum
712 1159 972 1256 pertinentes,
999 1158 1093 1230 adeo
1111 1181 1116 1196 ·

95 1293 280 1373 quantum
308 1277 516 1374 intelligere
548 1276 656 1364 licet,
683 1290 877 1374 angustas,
895 1291 938 1346 ut
964 1291 1100 1346 neutra

79 1395 179 1464 :viro
199 1393 421 1492 excipiendo
437 1417 505 1491 par
521 1407 632 1481 esset;
656 1391 720 1464 sed
741 1418 786 1463 ex
805 1392 863 1465 his
884 1393 1100 1492 inspicienti
1187 1420 1190 1442 ¹

99 1524 164 1580 aut
174 1511 340 1607 tangenti
355 1535 434 1582 non
450 1508 608 1580 occultis
619 1509 694 1580 sive
706 1507 1005 1597 occursionibus,
1024 1511 1101 1582 sive

99 1626 399 1723 impedimentis,
410 1639 497 1698 sunt
508 1649 590 1722 quae
607 1625 688 1697 tolli
699 1626 858 1722 possint,
872 1639 909 1695 et
925 1651 1007 1723 quae
1022 1653 1102 1700 non

103 1745 259 1844 possint.
285 1743 381 1816 Tolli
404 1745 504 1814 enim
527 1740 633 1816 facile
651 1757 810 1840 possunt
832 1767 913 1839 quae
927 1743 967 1812 in
988 1771 1104 1816 mem-

103 1859 223 1932 brana
234 1861 398 1958 ‚ragina
417 1857 562 1930 orificio
575 1873 774 1957 praetensa,
797 1857 1029 1947 consistunt,
1043 1877 1106 1933 aut

104 1977 147 2046 in
167 1975 352 2072 ejusmodi
371 1977 478 2074 quasi
500 1977 635 2048 institis
659 1999 725 2074 per
744 1999 904 2072 quarum
933 1999 1046 2047 unam
1066 1978 1107 2048 in

105 2094 327 2192 virguncula
350 2094 553 2192 colligatos*
572 2093 670 2164 inter
698 2117 755 2180 se,
785 2091 1109 2190 quemadmodum

107 2209 157 2281 ad
183 2225 220 2280 te
240 2211 371 2307 scripsi
388 2210 466 2306 (r),
489 2210 629 2307 vaginae
648 2211 807 2307 parietes
828 2205 980 2280 offendi.
1018 2211 1108 2300 Quae

106 2351 200 2398 vero
215 2325 401 2422 ejusmodi
427 2327 500 2398 sint
519 2325 642 2423 qualia
657 2329 696 2395 in
714 2339 831 2422 nupta
845 2323 908 2395 illa
929 2351 974 2397 ex
992 2326 1110 2398 Boch-

107 2467 215 2514 mero
229 2438 442 2515 indicabam
461 2441 596 2532 mode,
613 2446 696 2540 quis
715 2442 842 2513 tollat?
893 2537 896 2541 .

115 2613 120 2622 .
162 2560 215 2632 13.
235 2559 438 2632 Adventitii
454 2575 579 2632 autem
602 2560 778 2646 coalitus,
796 2574 858 2631 aut
884 2560 1110 2646 occlusionis

111 2699 261 2748 causam
284 2701 363 2746 non
395 2677 442 2748 ab
478 2678 703 2748 laceratione
730 2677 934 2766 duntaxat,
970 2693 1033 2750 aut
1062 2679 1111 2750 ab'

110 2790 433 2884 inflammatione,
468 2795 534 2866 sed
566 2794 613 2866 ab
649 2796 1005 2892 erosionequoque
1031 2821 1111 2870 esse

109 2933 241 3008 posse,
264 2924 345 2980 tum
363 2933 495 3008 supra,
519 2925 600 2983 tum
618 2911 706 2984 alibi
725 2936 746 2981 a
767 2937 827 2984 me
846 2914 1015 3009 agnitum
1038 2929 1109 3003 est,

111 3029 187 3100 sive
212 3028 335 3098 erosio
361 3027 462 3100 luem
481 3053 702 3115 veneream,
733 3031 807 3101 sive
828 3031 926 3101 uteri
950 3029 1110 3104 fluorem

108 3160 374 3242 consequatur.
395 3144 452 3216 Ab
472 3145 547 3218 hoc
568 3147 669 3218 enim
690 3169 893 3244 praegresso
911 3147 968 3217 vel
985 3149 1108 3219 invir-

111 3256 262 3359 ginibus
282 3263 554 3360 integerrimis,
584 3263 707 3361 qualis
726 3279 804 3334 erat
830 3262 891 3333 illa
910 3266 1016 3359 cujus
1040 3265 1110 3338 tibi
1203 3253 1214 3262 ⁸

112 3376 374 3450 dissectionem
405 3381 539 3478 scripsi
571 3377 727 3478 epistola
752 3383 869 3449 XLVI
899 3379 972 3477 (a),
998 3381 1110 3454 licere

114 3495 250 3584 credo,
268 3497 385 3593 siquis
410 3495 506 3568 forte
533 3498 640 3583 velit,
667 3495 964 3568 membranulam
986 3495 1112 3566 subal·

112 3607 200 3682 ham
227 3625 413 3709 repetere,
447 3637 528 3710 quae
559 3612 729 3684 infimam
764 3614 917 3682 cervicis
945 3623 1112 3708 partem,

112 3783 1118 3811 W

155 3896 201 3974 (ι)
220 3893 316 3970 Epist.
333 3893 388 3970 50,
402 3915 433 3954 n.
445 3897 478 3962 51
494 3909 522 3956 et
534 3917 596 3977 seq.
632 3897 633 3900 ’

156 3993 202 4072 (²)
221 3997 259 4091 Nf
285 4013 331 4068 17·
620 3988 622 3992 ’

188 4121 221 4191 7.
