2732 4654
292 439 364 533 370
466 457 511 504 na
537 453 684 504 srmsus
707 455 752 504 ιτ
777 451 902 504 csusts
927 455 1140 512 uousorusr

290 574 381 644 sime
396 569 551 667 quidem
573 568 759 666 perimere
774 593 785 656 3
803 567 870 640 s‘ed
884 593 965 652 nou
993 571 1076 646 siue
1095 567 1287 644 vehemsn·

285 687 389 761 tibus
404 685 731 774 convulsionibus,
756 683 872 758 refert
898 686 1067 762 Meadius
1082 686 1159 785 (1);
1187 685 1286 760 deui-

287 829 363 904 que
383 831 428 878 ex
448 791 737 900 Reauniurii‘(2)
762 805 1030 901 experimentis
1052 817 1223 894 constat,
1245 805 1288 876 le-

284 925 382 996 viter
400 937 541 1021 puncta
568 919 741 992 animalia
762 923 978 1019 sagittarunt
1006 945 1213 1011 mucrone,
1229 945 1286 994 se·

284 1056 424 1114 uenata
457 1038 732 1136 compositione
761 1037 926 1135 quadam
949 1039 1046 1112 illito
1076 1039 1127 1114 ab
1155 1039 1283 1113 incolis

284 1181 358 1232 orae
365 1156 631 1255 Maragnoniae,
645 1157 721 1227 cito
733 1156 888 1254 quidem
896 1157 1098 1247 interiissc3
1109 1155 1283 1257 sedquad

157 1365 171 1372 -
213 1361 217 1367 ,
283 1275 421 1349 diserte
436 1275 483 1346 do
500 1282 589 1347 urso
609 1289 801 1362 narratur,
826 1289 914 1347 ante
939 1289 1170 1349 mortem-se
1197 1288 1283 1348 dou-

183 1476 187 1487 ·
282 1393 461 1480 cussisse,
481 1407 594 1489 atque
619 1391 786 1488 agitasse.
815 1390 875 1466 ub
901 1391 969 1464 bas
994 1392 1125 1490 igitur,
1152 1407 1223 1466 aut
1244 1394 1283 1464 si·

280 1509 389 1582 miles
406 1529 536 1580 causas
550 1504 689 1578 factum
711 1529 791 1580 esse
809 1509 999 1599 existimo,
1023 1509 1131 1608 quod
1147 1510 1282 1586 Plutar

120 1647 123 1654 ’
186 1651 188 1656 ·
278 1625 374 1698 chus
393 1639 542 1712 narrat,
574 1639 616 1696 ut
649 1625 905 1722 Cleopatram,
929 1629 1086 1701 venenis
1116 1629 1279 1728 pr'unum

274 1744 358 1827 ,aliis
382 1741 519 1816 frustra
544 1743 712 1829 tentatis,
735 1757 867 1842 utpote
894 1769 979 1843 quae
1004 1747 1131 1820 minus
1149 1746 1281 1820 ambo.

136 1902 149 1926 .
275 1859 348 1934 bus
369 1862 445 1933 suis
464 1857 740 1957 responderent
752 1861 866 1948 votis,
885 1861 935 1933 sd
957 1863 1152 1953 animalia,
1178 1863 1279 1963 quod

275 1994 313 2052 et
326 1970 399 2050 Dio
416 1978 469 2077 (3)
486 1977 638 2067 scribit,
658 2001 899 2068 conversam,
915 1995 956 2054 et
966 2005 1036 2080 per
1052 1981 1280 2058 multosdies

275 2093 413 2170 frustra
443 2096 583 2194 pariter
608 2111 819 2194 expertam,
848 2108 1076 2197 comperisse
1103 2099 1278 2186 tandem,
1363 2097 1364 2114 ¹

274 2241 345 2314 per
363 2213 615 2304 solumferme
634 2212 776 2312 aspidis
799 2238 964 2286 morsum
991 2240 1029 2289 se
1061 2240 1174 2315 posse
1204 2219 1277 2288 voti
1361 2287 1362 2300 ,

272 2333 470 2429 utriusque
491 2347 707 2429 compotem
726 2330 820 2406 lieri.
843 2335 934 2424 Quae
959 2335 990 2406 si
1010 2336 1140 2406 omnia
1160 2350 1276 2409 atton*

272 2449 390 2540 deris,
423 2447 530 2520 facile
557 2448 742 2547 intelliges
778 2475 868 2539 cur,
902 2451 1054 2546 reiectis
1084 2451 1166 2524 aliis
1196 2477 1275 2552 qua

268 2567 371 2640 illico
421 2581 601 2642 necarent
639 2567 821 2656 venenis,
868 2592 1035 2666 quorum
1075 2568 1204 2668 aliqua
1236 2571 1272 2642 in

267 2701 451 2787 promptu
477 2684 653 2756 habuisse
676 2682 774 2755 infra
792 2683 846 2783 (4)
864 2671 1126 2775 ostendemus,
1162 2687 1270 2787 longe

269 2804 488 2878 credibilius
504 2803 572 2888 sit,
587 2801 728 2909 aspidis
749 2803 955 2900 praetulisse
976 2827 1167 2894 morsum,
1186 2830 1270 2904 pre

266 2925 500 2996 ser-timeum
516 2935 648 2992 caetera
661 2943 744 3017 quae
764 2919 810 2992 de
828 2921 1186 3022 puncturisexiguis
1201 2922 1268 2995 illis

266 3039 415 3112 duabus
427 3053 465 3112 et
481 3037 528 3110 do
547 3037 708 3110 admotis
714 3037 844 3136 psyllis
856 3061 970 3136 supra
985 3037 1040 3136 (5)
1053 3037 1154 3112 dictu
1164 3054 1266 3125 sunt,
1360 3107 1361 3118 ,

264 3157 436 3255 apprime
453 3158 690 3227 conveniant.
707 3157 803 3226 Nam
813 3153 920 3254 quod
935 3155 1070 3230 doctus
1080 3155 1139 3228 vir
1148 3158 1193 3230 iis
1205 3159 1265 3255 qui

262 3275 390 3346 minus
408 3287 548 3346 attente
566 3274 692 3372 legant
712 3271 833 3343 videri
863 3269 1018 3346 tortasse
1046 3289 1171 3372 potest
1190 3275 1264 3349 istis

265 3389 313 3464 de
317 3390 462 3490 psyllis
485 3397 536 3464 ita
565 3391 743 3475 sensisse,
770 3391 878 3487 quasi
906 3389 954 3460 ab
985 3395 1155 3511 Augusto
1184 3389 1262 3466 illu·
1359 3451 1360 3454 ,

302 3595 346 3672 (1)
366 3596 403 3650 In
412 3594 549 3668 Append
563 3603 632 3667 post
642 3602 763 3651 tentam
777 3589 843 3648 tde
853 3607 959 3646 venen

300 3693 440 3770 (a]Hist.
456 3690 616 3750 dclNJAcad
630 3707 695 3768 roy
686 3690 762 3749 des
764 3690 842 3763 Sc
856 3709 904 3748 au
921 3707 932 3748 1
940 3689 1092 3762 477,οΙ)ε.
1106 3699 1181 3746 anst.
1197 3705 1222 3744 r.

301 3792 346 3870 (3)
366 3795 400 3850 L
415 3791 449 3850 51
468 3791 519 3848 cit.

298 3893 313 3969 l

314 3893 475 4075 gNlo
