<?xml version="1.0" encoding="UTF-8"?>
<!DOCTYPE html PUBLIC "-//W3C//DTD XHTML 1.0 Transitional//EN"
    "http://www.w3.org/TR/xhtml1/DTD/xhtml1-transitional.dtd">
<html xmlns="http://www.w3.org/1999/xhtml" xml:lang="en" lang="en">
 <head>
  <title>
</title>
<meta http-equiv="Content-Type" content="text/html;charset=utf-8" />
  <meta name='ocr-system' content='tesseract 3.04.00' />
  <meta name='ocr-capabilities' content='ocr_page ocr_carea ocr_par ocr_line ocrx_word'/>
</head>
<body>
  <div class='ocr_page' id='page_1' title='image "./desedibusetcaus02adelgoog_0311.png"; bbox 0 0 2732 4654; ppageno 0'>
   <div class='ocr_carea' id='block_1_1' title="bbox 318 422 1159 496">
    <p class='ocr_par' dir='ltr' id='par_1_1' title="bbox 318 422 1159 496">
     <span class='ocr_line' id='line_1_1' title="bbox 318 422 1159 496; baseline -0.006 -1"><span class='ocrx_word' id='word_1_1' title='bbox 318 422 390 496; x_wconf 79' lang='lat'>316</span> <span class='ocrx_word' id='word_1_2' title='bbox 486 445 532 492; x_wconf 81' lang='grc'>33</span> <span class='ocrx_word' id='word_1_3' title='bbox 558 443 704 492; x_wconf 78' lang='lat' dir='ltr'>sumnus</span> <span class='ocrx_word' id='word_1_4' title='bbox 729 444 774 490; x_wconf 78' lang='lat' dir='ltr'>nr</span> <span class='ocrx_word' id='word_1_5' title='bbox 799 441 924 492; x_wconf 75' lang='lat' dir='ltr'>clusis</span> <span class='ocrx_word' id='word_1_6' title='bbox 949 437 1159 494; x_wconf 71' lang='lat' dir='ltr'>nonnosum</span> 
     </span>
    </p>
   </div>
   <div class='ocr_carea' id='block_1_2' title="bbox 240 555 1350 4064">
    <p class='ocr_par' dir='ltr' id='par_1_2' title="bbox 240 555 1350 4064">
     <span class='ocr_line' id='line_1_2' title="bbox 316 555 1350 655; baseline -0.008 -24"><span class='ocrx_word' id='word_1_7' title='bbox 316 556 503 645; x_wconf 82' lang='lat' dir='ltr'>Africam,</span> <span class='ocrx_word' id='word_1_8' title='bbox 531 572 567 630; x_wconf 93' lang='lat' dir='ltr'>et</span> <span class='ocrx_word' id='word_1_9' title='bbox 586 555 658 628; x_wconf 84' lang='lat' dir='ltr'>alia</span> <span class='ocrx_word' id='word_1_10' title='bbox 675 571 830 629; x_wconf 80' lang='lat' dir='ltr'>aestuosa</span> <span class='ocrx_word' id='word_1_11' title='bbox 849 555 933 628; x_wconf 83' lang='lat' dir='ltr'>loca</span> <span class='ocrx_word' id='word_1_12' title='bbox 949 557 1131 655; x_wconf 84' lang='lat' dir='ltr'>excipias,</span> <span class='ocrx_word' id='word_1_13' title='bbox 1151 555 1317 652; x_wconf 89' lang='lat' dir='ltr'>scorpio·</span> <span class='ocrx_word' id='word_1_14' title='bbox 1349 563 1350 592; x_wconf 37' lang='grc'>3</span> 
     </span>
     <span class='ocr_line' id='line_1_3' title="bbox 321 677 1350 768; baseline -0.006 -22"><span class='ocrx_word' id='word_1_15' title='bbox 321 677 539 747; x_wconf 57' lang='lat' dir='ltr'>mmmm</span> <span class='ocrx_word' id='word_1_16' title='bbox 1086 757 1091 764; x_wconf 19' lang='grc'>1</span> <span class='ocrx_word' id='word_1_17' title='bbox 1349 729 1350 768; x_wconf 48' lang='grc'>.</span> 
     </span>
     <span class='ocr_line' id='line_1_4' title="bbox 374 789 1322 889; baseline -0.006 -25"><span class='ocrx_word' id='word_1_18' title='bbox 374 791 430 864; x_wconf 87' lang='lat'>25.</span> <span class='ocrx_word' id='word_1_19' title='bbox 445 792 520 863; x_wconf 88' lang='lat' dir='ltr'>Ubi</span> <span class='ocrx_word' id='word_1_20' title='bbox 537 793 639 864; x_wconf 89' lang='lat' dir='ltr'>enirn</span> <span class='ocrx_word' id='word_1_21' title='bbox 661 789 814 862; x_wconf 89' lang='lat' dir='ltr'>attendo</span> <span class='ocrx_word' id='word_1_22' title='bbox 838 790 901 862; x_wconf 89' lang='lat' dir='ltr'>illa</span> <span class='ocrx_word' id='word_1_23' title='bbox 930 815 1012 888; x_wconf 84' lang='lat' dir='ltr'>quae</span> <span class='ocrx_word' id='word_1_24' title='bbox 1032 790 1133 889; x_wconf 86' lang='lat' dir='ltr'>apud</span> <span class='ocrx_word' id='word_1_25' title='bbox 1155 795 1322 885; x_wconf 88' lang='lat' dir='ltr'>Monspe·</span> 
     </span>
     <span class='ocr_line' id='line_1_5' title="bbox 324 905 1350 1006; baseline -0.009 -22"><span class='ocrx_word' id='word_1_26' title='bbox 324 909 461 984; x_wconf 88' lang='lat' dir='ltr'>lienses</span> <span class='ocrx_word' id='word_1_27' title='bbox 485 907 613 980; x_wconf 82' lang='lat' dir='ltr'>habita</span> <span class='ocrx_word' id='word_1_28' title='bbox 645 923 750 996; x_wconf 92' lang='lat' dir='ltr'>sunt,</span> <span class='ocrx_word' id='word_1_29' title='bbox 775 909 1049 1006; x_wconf 84' lang='lat' dir='ltr'>experimenta,</span> <span class='ocrx_word' id='word_1_30' title='bbox 1076 906 1182 980; x_wconf 85' lang='lat' dir='ltr'>facile</span> <span class='ocrx_word' id='word_1_31' title='bbox 1213 905 1320 977; x_wconf 83' lang='lat' dir='ltr'>addu·</span> <span class='ocrx_word' id='word_1_32' title='bbox 1349 943 1350 998; x_wconf 69' lang='grc'>3</span> 
     </span>
     <span class='ocr_line' id='line_1_6' title="bbox 325 1021 1350 1122; baseline -0.006 -25"><span class='ocrx_word' id='word_1_33' title='bbox 325 1051 392 1098; x_wconf 92' lang='lat' dir='ltr'>cor</span> <span class='ocrx_word' id='word_1_34' title='bbox 430 1039 472 1097; x_wconf 91' lang='lat' dir='ltr'>ut</span> <span class='ocrx_word' id='word_1_35' title='bbox 500 1025 649 1097; x_wconf 83' lang='lat' dir='ltr'>credam</span> <span class='ocrx_word' id='word_1_36' title='bbox 686 1051 766 1096; x_wconf 92' lang='lat' dir='ltr'>non</span> <span class='ocrx_word' id='word_1_37' title='bbox 796 1049 904 1098; x_wconf 90' lang='lat' dir='ltr'>secus</span> <span class='ocrx_word' id='word_1_38' title='bbox 937 1049 980 1096; x_wconf 87' lang='grc'>33</span> <span class='ocrx_word' id='word_1_39' title='bbox 1010 1024 1111 1122; x_wconf 90' lang='lat' dir='ltr'>apud</span> <span class='ocrx_word' id='word_1_40' title='bbox 1148 1049 1250 1110; x_wconf 92' lang='lat' dir='ltr'>nos,</span> <span class='ocrx_word' id='word_1_41' title='bbox 1278 1021 1319 1092; x_wconf 92' lang='lat' dir='ltr'>ibi</span> <span class='ocrx_word' id='word_1_42' title='bbox 1349 1065 1350 1116; x_wconf 65' lang='lat'>3</span> 
     </span>
     <span class='ocr_line' id='line_1_7' title="bbox 327 1143 1323 1242; baseline -0.005 -28"><span class='ocrx_word' id='word_1_43' title='bbox 327 1167 480 1241; x_wconf 93' lang='lat' dir='ltr'>quoque</span> <span class='ocrx_word' id='word_1_44' title='bbox 494 1144 730 1242; x_wconf 78' lang='lat' dir='ltr'>scorpiorum</span> <span class='ocrx_word' id='word_1_45' title='bbox 746 1144 841 1214; x_wconf 89' lang='lat' dir='ltr'>ictus</span> <span class='ocrx_word' id='word_1_46' title='bbox 851 1157 893 1214; x_wconf 92' lang='lat' dir='ltr'>ut</span> <span class='ocrx_word' id='word_1_47' title='bbox 901 1144 1109 1239; x_wconf 89' lang='lat' dir='ltr'>plurimum</span> <span class='ocrx_word' id='word_1_48' title='bbox 1121 1167 1202 1215; x_wconf 81' lang='lat' dir='ltr'>esse</span> <span class='ocrx_word' id='word_1_49' title='bbox 1223 1143 1323 1212; x_wconf 91' lang='lat' dir='ltr'>inno·</span> 
     </span>
     <span class='ocr_line' id='line_1_8' title="bbox 330 1257 1350 1359; baseline -0.002 -30"><span class='ocrx_word' id='word_1_50' title='bbox 330 1283 431 1330; x_wconf 87' lang='lat' dir='ltr'>euos.</span> <span class='ocrx_word' id='word_1_51' title='bbox 451 1261 528 1330; x_wconf 88' lang='lat' dir='ltr'>Nec</span> <span class='ocrx_word' id='word_1_52' title='bbox 548 1285 639 1331; x_wconf 89' lang='lat' dir='ltr'>vero</span> <span class='ocrx_word' id='word_1_53' title='bbox 663 1261 920 1359; x_wconf 85' lang='lat' dir='ltr'>experimenta</span> <span class='ocrx_word' id='word_1_54' title='bbox 948 1261 1012 1332; x_wconf 86' lang='lat' dir='ltr'>illa</span> <span class='ocrx_word' id='word_1_55' title='bbox 1038 1260 1222 1332; x_wconf 81' lang='lat' dir='ltr'><strong>duntaxat</strong></span> <span class='ocrx_word' id='word_1_56' title='bbox 1250 1257 1319 1328; x_wconf 90' lang='lat' dir='ltr'>dico</span> <span class='ocrx_word' id='word_1_57' title='bbox 1349 1261 1350 1320; x_wconf 86' lang='lat' dir='ltr'>l</span> 
     </span>
     <span class='ocr_line' id='line_1_9' title="bbox 327 1375 1321 1475; baseline -0.001 -29"><span class='ocrx_word' id='word_1_58' title='bbox 327 1401 410 1474; x_wconf 83' lang='lat' dir='ltr'>quae</span> <span class='ocrx_word' id='word_1_59' title='bbox 426 1375 479 1447; x_wconf 92' lang='lat' dir='ltr'>ibi</span> <span class='ocrx_word' id='word_1_60' title='bbox 491 1403 512 1447; x_wconf 83' lang='lat' dir='ltr'><strong>a</strong></span> <span class='ocrx_word' id='word_1_61' title='bbox 525 1378 778 1474; x_wconf 86' lang='lat' dir='ltr'>Courtenio(1</span> <span class='ocrx_word' id='word_1_62' title='bbox 787 1377 801 1473; x_wconf 78' lang='lat'>)</span> <span class='ocrx_word' id='word_1_63' title='bbox 767 1402 921 1449; x_wconf 85' lang='lat' dir='ltr'>ranno</span> <span class='ocrx_word' id='word_1_64' title='bbox 938 1379 1031 1475; x_wconf 80' lang='lat'><strong>1679</strong></span> <span class='ocrx_word' id='word_1_65' title='bbox 1052 1393 1141 1450; x_wconf 91' lang='lat' dir='ltr'>sunt</span> <span class='ocrx_word' id='word_1_66' title='bbox 1153 1378 1321 1450; x_wconf 87' lang='lat' dir='ltr'>instituta.</span> 
     </span>
     <span class='ocr_line' id='line_1_10' title="bbox 327 1453 1350 1593; baseline -0.004 -27"><span class='ocrx_word' id='word_1_67' title='bbox 327 1495 421 1566; x_wconf 81' lang='lat' dir='ltr'>Nam</span> <span class='ocrx_word' id='word_1_68' title='bbox 437 1493 540 1590; x_wconf 94' lang='lat' dir='ltr'>quod</span> <span class='ocrx_word' id='word_1_69' title='bbox 555 1494 762 1592; x_wconf 91' lang='lat' dir='ltr'>apluribus</span> <span class='ocrx_word' id='word_1_70' title='bbox 779 1495 1043 1592; x_wconf 87' lang='lat' dir='ltr'>scorpionibus</span> <span class='ocrx_word' id='word_1_71' title='bbox 1061 1495 1194 1593; x_wconf 83' lang='lat' dir='ltr'>lingna</span> <span class='ocrx_word' id='word_1_72' title='bbox 1214 1453 1350 1566; x_wconf 82' lang='lat' dir='ltr'>entellil</span> 
     </span>
     <span class='ocr_line' id='line_1_11' title="bbox 329 1610 1322 1742; baseline 0 -62"><span class='ocrx_word' id='word_1_73' title='bbox 329 1627 557 1708; x_wconf 86' lang='lat' dir='ltr'>compuncta</span> <span class='ocrx_word' id='word_1_74' title='bbox 582 1610 693 1683; x_wconf 86' lang='lat' dir='ltr'>fuerit</span> <span class='ocrx_word' id='word_1_75' title='bbox 706 1612 983 1742; x_wconf 79' lang='lat' dir='ltr'>,ejusdemque</span> <span class='ocrx_word' id='word_1_76' title='bbox 1012 1612 1230 1684; x_wconf 85' lang='lat' dir='ltr'>abdominis</span> <span class='ocrx_word' id='word_1_77' title='bbox 1250 1623 1322 1682; x_wconf 87' lang='lat' dir='ltr'>cute</span> 
     </span>
     <span class='ocr_line' id='line_1_12' title="bbox 330 1727 1321 1826; baseline -0.002 -28"><span class='ocrx_word' id='word_1_78' title='bbox 330 1727 506 1798; x_wconf 89' lang='lat' dir='ltr'>nonnihil</span> <span class='ocrx_word' id='word_1_79' title='bbox 530 1728 704 1813; x_wconf 84' lang='lat' dir='ltr'>diducta,</span> <span class='ocrx_word' id='word_1_80' title='bbox 734 1729 924 1801; x_wconf 87' lang='lat' dir='ltr'>musculi</span> <span class='ocrx_word' id='word_1_81' title='bbox 915 1730 987 1826; x_wconf 80' lang='lat' dir='ltr'>ipsi</span> <span class='ocrx_word' id='word_1_82' title='bbox 1006 1729 1052 1800; x_wconf 87' lang='lat' dir='ltr'>ab</span> <span class='ocrx_word' id='word_1_83' title='bbox 1078 1729 1151 1800; x_wconf 88' lang='lat' dir='ltr'>illis</span> <span class='ocrx_word' id='word_1_84' title='bbox 1172 1753 1251 1800; x_wconf 91' lang='lat' dir='ltr'>non</span> <span class='ocrx_word' id='word_1_85' title='bbox 1277 1751 1321 1797; x_wconf 90' lang='lat' dir='ltr'>se·</span> 
     </span>
     <span class='ocr_line' id='line_1_13' title="bbox 332 1846 1319 1944; baseline -0.005 -28"><span class='ocrx_word' id='word_1_86' title='bbox 332 1847 433 1918; x_wconf 91' lang='lat' dir='ltr'>mel</span> <span class='ocrx_word' id='word_1_87' title='bbox 425 1847 510 1935; x_wconf 83' lang='lat' dir='ltr'>icti,</span> <span class='ocrx_word' id='word_1_88' title='bbox 529 1862 607 1919; x_wconf 87' lang='lat' dir='ltr'>arte</span> <span class='ocrx_word' id='word_1_89' title='bbox 625 1849 736 1918; x_wconf 86' lang='lat' dir='ltr'>etiam</span> <span class='ocrx_word' id='word_1_90' title='bbox 755 1846 867 1917; x_wconf 85' lang='lat' dir='ltr'>altius</span> <span class='ocrx_word' id='word_1_91' title='bbox 890 1869 1070 1944; x_wconf 86' lang='lat' dir='ltr'>appresso</span> <span class='ocrx_word' id='word_1_92' title='bbox 1093 1847 1250 1934; x_wconf 82' lang='lat' dir='ltr'>aculeo,</span> <span class='ocrx_word' id='word_1_93' title='bbox 1270 1868 1319 1913; x_wconf 86' lang='lat' dir='ltr'>ve·</span> 
     </span>
     <span class='ocr_line' id='line_1_14' title="bbox 330 1941 1350 2096; baseline -0.007 -60"><span class='ocrx_word' id='word_1_94' title='bbox 330 1989 508 2061; x_wconf 85' lang='lat' dir='ltr'>nonoque</span> <span class='ocrx_word' id='word_1_95' title='bbox 524 1989 543 2034; x_wconf 92' lang='lat' dir='ltr'>e</span> <span class='ocrx_word' id='word_1_96' title='bbox 561 1963 729 2059; x_wconf 79' lang='lat' dir='ltr'>subjecta</span> <span class='ocrx_word' id='word_1_97' title='bbox 744 1963 959 2034; x_wconf 86' lang='lat' dir='ltr'>vesiculam</span> <span class='ocrx_word' id='word_1_98' title='bbox 970 1963 1127 2034; x_wconf 89' lang='lat' dir='ltr'>vulnera</span> <span class='ocrx_word' id='word_1_99' title='bbox 1138 1941 1350 2096; x_wconf 69' lang='grc'>3333333333</span> 
     </span>
     <span class='ocr_line' id='line_1_15' title="bbox 333 2067 1350 2182; baseline -0.007 -30"><span class='ocrx_word' id='word_1_100' title='bbox 333 2083 435 2152; x_wconf 89' lang='grc'>33333</span> <span class='ocrx_word' id='word_1_101' title='bbox 455 2096 580 2153; x_wconf 81' lang='lat' dir='ltr'>tamen</span> <span class='ocrx_word' id='word_1_102' title='bbox 604 2080 702 2152; x_wconf 90' lang='lat' dir='ltr'>nibil</span> <span class='ocrx_word' id='word_1_103' title='bbox 719 2079 936 2151; x_wconf 86' lang='lat' dir='ltr'>detrimenti</span> <span class='ocrx_word' id='word_1_104' title='bbox 958 2082 1120 2178; x_wconf 87' lang='lat' dir='ltr'>ceperit,</span> <span class='ocrx_word' id='word_1_105' title='bbox 1146 2096 1188 2152; x_wconf 90' lang='lat' dir='ltr'>ut</span> <span class='ocrx_word' id='word_1_106' title='bbox 1212 2067 1350 2182; x_wconf 55' lang='lat' dir='ltr'>neque}</span> 
     </span>
     <span class='ocr_line' id='line_1_16' title="bbox 333 2189 1350 2296; baseline -0.009 -26"><span class='ocrx_word' id='word_1_107' title='bbox 333 2197 550 2286; x_wconf 91' lang='lat' dir='ltr'>columbus,</span> <span class='ocrx_word' id='word_1_108' title='bbox 566 2223 660 2296; x_wconf 78' lang='lat' dir='ltr'>scope</span> <span class='ocrx_word' id='word_1_109' title='bbox 672 2197 719 2269; x_wconf 84' lang='lat' dir='ltr'>ad</span> <span class='ocrx_word' id='word_1_110' title='bbox 732 2189 908 2270; x_wconf 79' lang='lat' dir='ltr'>eumdem</span> <span class='ocrx_word' id='word_1_111' title='bbox 930 2197 1085 2268; x_wconf 91' lang='lat' dir='ltr'>modum</span> <span class='ocrx_word' id='word_1_112' title='bbox 1103 2198 1319 2295; x_wconf 84' lang='lat' dir='ltr'>ascorpione</span> <span class='ocrx_word' id='word_1_113' title='bbox 1349 2229 1350 2288; x_wconf 70' lang='grc'>3</span> 
     </span>
     <span class='ocr_line' id='line_1_17' title="bbox 334 2315 1319 2413; baseline -0.009 -25"><span class='ocrx_word' id='word_1_114' title='bbox 334 2317 517 2388; x_wconf 84' lang='lat' dir='ltr'>sauciatus</span> <span class='ocrx_word' id='word_1_115' title='bbox 537 2343 544 2386; x_wconf 92' lang='lat'><strong>:</strong></span> <span class='ocrx_word' id='word_1_116' title='bbox 567 2331 699 2388; x_wconf 87' lang='lat' dir='ltr'>contra</span> <span class='ocrx_word' id='word_1_117' title='bbox 714 2330 839 2388; x_wconf 87' lang='lat' dir='ltr'>autem</span> <span class='ocrx_word' id='word_1_118' title='bbox 861 2315 965 2412; x_wconf 91' lang='lat' dir='ltr'>quod</span> <span class='ocrx_word' id='word_1_119' title='bbox 981 2315 1099 2413; x_wconf 83' lang='lat' dir='ltr'>talpa,</span> <span class='ocrx_word' id='word_1_120' title='bbox 1117 2317 1227 2412; x_wconf 88' lang='lat' dir='ltr'>cujus</span> <span class='ocrx_word' id='word_1_121' title='bbox 1242 2315 1319 2384; x_wconf 86' lang='lat' dir='ltr'>latus</span> 
     </span>
     <span class='ocr_line' id='line_1_18' title="bbox 334 2415 1350 2532; baseline -0.002 -28"><span class='ocrx_word' id='word_1_122' title='bbox 334 2432 482 2532; x_wconf 89' lang='lat' dir='ltr'>scorpio</span> <span class='ocrx_word' id='word_1_123' title='bbox 503 2447 733 2531; x_wconf 83' lang='lat' dir='ltr'>pupugerat,</span> <span class='ocrx_word' id='word_1_124' title='bbox 758 2434 941 2504; x_wconf 89' lang='lat' dir='ltr'>continuo</span> <span class='ocrx_word' id='word_1_125' title='bbox 962 2448 1125 2504; x_wconf 89' lang='lat' dir='ltr'>mortem</span> <span class='ocrx_word' id='word_1_126' title='bbox 1158 2428 1318 2505; x_wconf 83' lang='lat' dir='ltr'>convulsa</span> <span class='ocrx_word' id='word_1_127' title='bbox 1349 2415 1350 2502; x_wconf 88' lang='lat' dir='ltr'>l</span> 
     </span>
     <span class='ocr_line' id='line_1_19' title="bbox 312 2509 1350 2689; baseline -0.009 -69"><span class='ocrx_word' id='word_1_128' title='bbox 312 2549 494 2689; x_wconf 57' lang='lat' dir='ltr'>qobierit;</span> <span class='ocrx_word' id='word_1_129' title='bbox 514 2548 902 2627; x_wconf 66' lang='lat' dir='ltr'>discriminiscausam</span> <span class='ocrx_word' id='word_1_130' title='bbox 920 2547 1054 2622; x_wconf 83' lang='lat' dir='ltr'>afferre</span> <span class='ocrx_word' id='word_1_131' title='bbox 1074 2547 1175 2620; x_wconf 86' lang='lat' dir='ltr'>hanc</span> <span class='ocrx_word' id='word_1_132' title='bbox 1193 2566 1320 2648; x_wconf 91' lang='lat' dir='ltr'>posses,</span> <span class='ocrx_word' id='word_1_133' title='bbox 1349 2509 1350 2590; x_wconf 83' lang='lat' dir='ltr'>l</span> 
     </span>
     <span class='ocr_line' id='line_1_20' title="bbox 300 2659 1320 2764; baseline -0.011 -26"><span class='ocrx_word' id='word_1_134' title='bbox 300 2741 303 2746; x_wconf 76' lang='grc'>,</span> <span class='ocrx_word' id='word_1_135' title='bbox 337 2665 442 2764; x_wconf 92' lang='lat' dir='ltr'>quod</span> <span class='ocrx_word' id='word_1_136' title='bbox 465 2667 635 2756; x_wconf 82' lang='lat' dir='ltr'>catellus,</span> <span class='ocrx_word' id='word_1_137' title='bbox 656 2682 692 2738; x_wconf 90' lang='grc'>33</span> <span class='ocrx_word' id='word_1_138' title='bbox 718 2666 919 2738; x_wconf 91' lang='lat' dir='ltr'>columbus</span> <span class='ocrx_word' id='word_1_139' title='bbox 941 2665 988 2738; x_wconf 86' lang='lat' dir='ltr'>ab</span> <span class='ocrx_word' id='word_1_140' title='bbox 1014 2665 1219 2754; x_wconf 88' lang='lat' dir='ltr'>inertibus,</span> <span class='ocrx_word' id='word_1_141' title='bbox 1238 2659 1320 2736; x_wconf 88' lang='lat' dir='ltr'>infir·</span> 
     </span>
     <span class='ocr_line' id='line_1_21' title="bbox 240 2783 1316 2882; baseline 0 -25"><span class='ocrx_word' id='word_1_142' title='bbox 240 2817 243 2825; x_wconf 25' lang='grc'>3</span> <span class='ocrx_word' id='word_1_143' title='bbox 337 2786 484 2882; x_wconf 89' lang='lat' dir='ltr'>misque</span> <span class='ocrx_word' id='word_1_144' title='bbox 498 2786 654 2882; x_wconf 88' lang='lat' dir='ltr'>scorpiis</span> <span class='ocrx_word' id='word_1_145' title='bbox 663 2837 674 2870; x_wconf 92' lang='lat'>,</span> <span class='ocrx_word' id='word_1_146' title='bbox 687 2785 829 2882; x_wconf 87' lang='lat' dir='ltr'>quippe</span> <span class='ocrx_word' id='word_1_147' title='bbox 842 2785 997 2856; x_wconf 88' lang='lat' dir='ltr'>ineunte</span> <span class='ocrx_word' id='word_1_148' title='bbox 1003 2783 1178 2878; x_wconf 85' lang='lat' dir='ltr'>januario</span> <span class='ocrx_word' id='word_1_149' title='bbox 1193 2801 1316 2856; x_wconf 67' lang='lat' dir='ltr'>mense,</span> 
     </span>
     <span class='ocr_line' id='line_1_22' title="bbox 324 2889 1319 3001; baseline -0.008 -27"><span class='ocrx_word' id='word_1_150' title='bbox 324 2889 438 3001; x_wconf 45' lang='lat' dir='ltr'>‘talpa</span> <span class='ocrx_word' id='word_1_151' title='bbox 457 2917 581 2973; x_wconf 89' lang='lat' dir='ltr'>autern</span> <span class='ocrx_word' id='word_1_152' title='bbox 601 2926 621 2972; x_wconf 88' lang='lat' dir='ltr'><strong>a</strong></span> <span class='ocrx_word' id='word_1_153' title='bbox 639 2900 763 2970; x_wconf 87' lang='lat' dir='ltr'>valido</span> <span class='ocrx_word' id='word_1_154' title='bbox 778 2955 787 2988; x_wconf 91' lang='lat'>,</span> <span class='ocrx_word' id='word_1_155' title='bbox 802 2901 972 2998; x_wconf 77' lang='lat' dir='ltr'>acrique,</span> <span class='ocrx_word' id='word_1_156' title='bbox 994 2915 1127 2997; x_wconf 86' lang='lat' dir='ltr'>utpote</span> <span class='ocrx_word' id='word_1_157' title='bbox 1152 2901 1319 2972; x_wconf 86' lang='lat' dir='ltr'>eircame·</span> 
     </span>
     <span class='ocr_line' id='line_1_23' title="bbox 338 3016 1317 3116; baseline -0.008 -26"><span class='ocrx_word' id='word_1_158' title='bbox 338 3020 442 3091; x_wconf 91' lang='lat' dir='ltr'>dium</span> <span class='ocrx_word' id='word_1_159' title='bbox 465 3016 687 3116; x_wconf 88' lang='lat' dir='ltr'>quintilem,</span> <span class='ocrx_word' id='word_1_160' title='bbox 705 3019 866 3090; x_wconf 84' lang='lat' dir='ltr'>sauciata</span> <span class='ocrx_word' id='word_1_161' title='bbox 896 3016 1018 3090; x_wconf 86' lang='lat' dir='ltr'>fuerit.</span> <span class='ocrx_word' id='word_1_162' title='bbox 1039 3020 1207 3091; x_wconf 82' lang='lat' dir='ltr'>Pericula</span> <span class='ocrx_word' id='word_1_163' title='bbox 1227 3017 1317 3112; x_wconf 85' lang='lat' dir='ltr'>igitur</span> 
     </span>
     <span class='ocr_line' id='line_1_24' title="bbox 335 3135 1350 3234; baseline -0.009 -27"><span class='ocrx_word' id='word_1_164' title='bbox 335 3137 399 3208; x_wconf 89' lang='lat' dir='ltr'>illa</span> <span class='ocrx_word' id='word_1_165' title='bbox 424 3136 660 3234; x_wconf 89' lang='lat' dir='ltr'>potissimum</span> <span class='ocrx_word' id='word_1_166' title='bbox 689 3151 817 3233; x_wconf 90' lang='lat' dir='ltr'>specto</span> <span class='ocrx_word' id='word_1_167' title='bbox 856 3161 937 3233; x_wconf 82' lang='lat' dir='ltr'>quae</span> <span class='ocrx_word' id='word_1_168' title='bbox 966 3135 1111 3208; x_wconf 86' lang='lat' dir='ltr'>ibidem</span> <span class='ocrx_word' id='word_1_169' title='bbox 1150 3136 1317 3234; x_wconf 85' lang='lat' dir='ltr'>quinqua·</span> <span class='ocrx_word' id='word_1_170' title='bbox 1349 3175 1350 3228; x_wconf 70' lang='grc'>3</span> 
     </span>
     <span class='ocr_line' id='line_1_25' title="bbox 339 3239 1350 3352; baseline 0 -30"><span class='ocrx_word' id='word_1_171' title='bbox 339 3257 458 3351; x_wconf 87' lang='lat' dir='ltr'>ginta,</span> <span class='ocrx_word' id='word_1_172' title='bbox 476 3252 630 3352; x_wconf 84' lang='lat' dir='ltr'>opinor,</span> <span class='ocrx_word' id='word_1_173' title='bbox 656 3267 743 3350; x_wconf 91' lang='lat' dir='ltr'>post</span> <span class='ocrx_word' id='word_1_174' title='bbox 763 3253 872 3324; x_wconf 83' lang='lat' dir='ltr'>annis</span> <span class='ocrx_word' id='word_1_175' title='bbox 895 3250 982 3324; x_wconf 85' lang='lat' dir='ltr'>fecit</span> <span class='ocrx_word' id='word_1_176' title='bbox 999 3253 1057 3322; x_wconf 88' lang='lat' dir='ltr'>vir</span> <span class='ocrx_word' id='word_1_177' title='bbox 1075 3253 1144 3324; x_wconf 90' lang='lat' dir='ltr'>cel.</span> <span class='ocrx_word' id='word_1_178' title='bbox 1163 3257 1315 3346; x_wconf 84' lang='lat' dir='ltr'>Mauper·</span> <span class='ocrx_word' id='word_1_179' title='bbox 1349 3239 1350 3322; x_wconf 59' lang='lat' dir='ltr'>s</span> 
     </span>
     <span class='ocr_line' id='line_1_26' title="bbox 338 3360 1350 3466; baseline -0.01 -23"><span class='ocrx_word' id='word_1_180' title='bbox 338 3370 470 3443; x_wconf 85' lang='lat' dir='ltr'>tuisius</span> <span class='ocrx_word' id='word_1_181' title='bbox 499 3367 568 3464; x_wconf 84' lang='lat'>(2).</span> <span class='ocrx_word' id='word_1_182' title='bbox 605 3372 661 3439; x_wconf 86' lang='lat' dir='ltr'>De</span> <span class='ocrx_word' id='word_1_183' title='bbox 690 3393 825 3440; x_wconf 90' lang='lat' dir='ltr'>novem</span> <span class='ocrx_word' id='word_1_184' title='bbox 850 3368 1030 3458; x_wconf 82' lang='lat' dir='ltr'>canibus,</span> <span class='ocrx_word' id='word_1_185' title='bbox 1063 3369 1186 3441; x_wconf 87' lang='lat' dir='ltr'>tribus</span> <span class='ocrx_word' id='word_1_186' title='bbox 1215 3360 1314 3466; x_wconf 80' lang='lat' dir='ltr'>parvis</span> <span class='ocrx_word' id='word_1_187' title='bbox 1349 3377 1350 3456; x_wconf 74' lang='grc'>3</span> 
     </span>
     <span class='ocr_line' id='line_1_27' title="bbox 340 3465 1350 3586; baseline 0.005 -31"><span class='ocrx_word' id='word_1_188' title='bbox 340 3485 471 3586; x_wconf 90' lang='lat' dir='ltr'>pullis,</span> <span class='ocrx_word' id='word_1_189' title='bbox 493 3499 529 3557; x_wconf 91' lang='lat' dir='ltr'>et</span> <span class='ocrx_word' id='word_1_190' title='bbox 546 3509 624 3556; x_wconf 92' lang='lat' dir='ltr'>uno</span> <span class='ocrx_word' id='word_1_191' title='bbox 642 3511 750 3557; x_wconf 87' lang='lat' dir='ltr'>mure</span> <span class='ocrx_word' id='word_1_192' title='bbox 775 3511 872 3584; x_wconf 93' lang='lat' dir='ltr'>quos</span> <span class='ocrx_word' id='word_1_193' title='bbox 893 3487 1030 3584; x_wconf 90' lang='lat' dir='ltr'>scorpii</span> <span class='ocrx_word' id='word_1_194' title='bbox 1057 3489 1317 3585; x_wconf 74' lang='lat' dir='ltr'>percusserant&gt;</span> <span class='ocrx_word' id='word_1_195' title='bbox 1349 3465 1350 3504; x_wconf 57' lang='grc'>3</span> 
     </span>
     <span class='ocr_line' id='line_1_28' title="bbox 339 3603 1350 3704; baseline -0.003 -30"><span class='ocrx_word' id='word_1_196' title='bbox 339 3627 439 3674; x_wconf 92' lang='lat' dir='ltr'>unus</span> <span class='ocrx_word' id='word_1_197' title='bbox 459 3603 623 3675; x_wconf 90' lang='lat' dir='ltr'>omnino.</span> <span class='ocrx_word' id='word_1_198' title='bbox 637 3603 758 3691; x_wconf 81' lang='lat' dir='ltr'>canis,</span> <span class='ocrx_word' id='word_1_199' title='bbox 779 3619 816 3675; x_wconf 89' lang='lat' dir='ltr'>et</span> <span class='ocrx_word' id='word_1_200' title='bbox 831 3605 862 3674; x_wconf 89' lang='lat' dir='ltr'>is</span> <span class='ocrx_word' id='word_1_201' title='bbox 880 3603 1010 3702; x_wconf 82' lang='lat' dir='ltr'>quinta</span> <span class='ocrx_word' id='word_1_202' title='bbox 1033 3627 1078 3674; x_wconf 84' lang='lat' dir='ltr'>ex</span> <span class='ocrx_word' id='word_1_203' title='bbox 1095 3628 1172 3702; x_wconf 93' lang='lat' dir='ltr'>quo</span> <span class='ocrx_word' id='word_1_204' title='bbox 1187 3614 1314 3701; x_wconf 71' lang='lat' dir='ltr'>percus·</span> <span class='ocrx_word' id='word_1_205' title='bbox 1349 3661 1350 3704; x_wconf 43' lang='lat'>3</span> 
     </span>
     <span class='ocr_line' id='line_1_29' title="bbox 379 3883 780 3964; baseline -0.01 -20"><span class='ocrx_word' id='word_1_206' title='bbox 379 3883 422 3964; x_wconf 86' lang='lat' dir='ltr'>(t)</span> <span class='ocrx_word' id='word_1_207' title='bbox 446 3889 564 3960; x_wconf 82' lang='lat' dir='ltr'>§supra</span> <span class='ocrx_word' id='word_1_208' title='bbox 578 3885 617 3940; x_wconf 85' lang='lat' dir='ltr'>ad</span> <span class='ocrx_word' id='word_1_209' title='bbox 630 3904 661 3940; x_wconf 88' lang='grc'>3.</span> <span class='ocrx_word' id='word_1_210' title='bbox 680 3885 715 3941; x_wconf 89' lang='lat'>16</span> <span class='ocrx_word' id='word_1_211' title='bbox 731 3886 780 3941; x_wconf 89' lang='lat' dir='ltr'>cit.</span> 
     </span>
     <span class='ocr_line' id='line_1_30' title="bbox 379 3978 1093 4064; baseline 0.003 -22"><span class='ocrx_word' id='word_1_212' title='bbox 379 3985 423 4064; x_wconf 73' lang='lat' dir='ltr'>(d)</span> <span class='ocrx_word' id='word_1_213' title='bbox 445 3986 533 4040; x_wconf 82' lang='lat' dir='ltr'>Me&#39;m.</span> <span class='ocrx_word' id='word_1_214' title='bbox 546 3985 583 4042; x_wconf 87' lang='lat' dir='ltr'>de</span> <span class='ocrx_word' id='word_1_215' title='bbox 594 3978 705 4042; x_wconf 74' lang='lat' dir='ltr'>l‘Acad.</span> <span class='ocrx_word' id='word_1_216' title='bbox 719 4005 783 4063; x_wconf 85' lang='lat' dir='ltr'>roy.</span> <span class='ocrx_word' id='word_1_217' title='bbox 799 3983 849 4044; x_wconf 84' lang='lat' dir='ltr'>des</span> <span class='ocrx_word' id='word_1_218' title='bbox 861 3987 909 4048; x_wconf 84' lang='lat' dir='ltr'>So·</span> <span class='ocrx_word' id='word_1_219' title='bbox 920 4026 929 4060; x_wconf 89' lang='lat'>‚</span> <span class='ocrx_word' id='word_1_220' title='bbox 941 4001 993 4046; x_wconf 74' lang='lat' dir='ltr'>tn.</span> <span class='ocrx_word' id='word_1_221' title='bbox 1006 3986 1093 4060; x_wconf 75' lang='lat'><em>1731.</em></span> 
     </span>
    </p>
   </div>
   <div class='ocr_carea' id='block_1_3' title="bbox 0 0 1391 4654">
    <p class='ocr_par' dir='ltr' id='par_1_3' title="bbox 0 0 1391 4654">
     <span class='ocr_line' id='line_1_31' title="bbox 0 0 1391 4654; baseline 0 0"><span class='ocrx_word' id='word_1_222' title='bbox 0 0 1391 4654; x_wconf 95' lang='lat' dir='ltr'> </span> 
     </span>
    </p>
   </div>
  </div>
 </body>
</html>
