2746 4662
123 477 192 528 ιιι.
208 481 257 528 lv.
273 481 320 529 ur
331 477 673 545 uoratscmuure„
689 471 758 528 etc.
769 477 881 529 arim.
892 477 979 529 mut.
1011 455 1082 530 153

72 591 235 664 cidenda
249 646 259 680 ‚
274 593 419 666 viscera
437 591 609 690 quidem,
621 593 682 663 vix
694 615 865 690 unquam
876 607 979 664 artus
993 611 1082 664 exa·

69 707 636 807 minipermittantur;hincest,
649 725 691 782 ut
704 708 1082 806 observationesque

70 825 121 897 ad
158 824 395 898 arthritidem
424 828 579 925 proprie
606 828 806 917 attineant,
838 826 954 924 longe
984 827 1080 915 sint,

76 969 194 1041 quam
211 959 269 1016 tot
297 943 457 1014 aliorum
484 942 728 1031 morborum,
758 939 798 1014 iit
818 957 1081 1042 protectorum

69 1058 182 1132 libris
200 1061 404 1158 pauciores.
426 1064 557 1158 ltaque
579 1075 616 1132 et
633 1085 759 1158 paucae
777 1061 816 1130 in
841 1059 1080 1158 Sepulchreti

70 1179 162 1248 VIII
182 1177 403 1264 sectionem,
431 1201 513 1275 quae
545 1176 592 1247 de
617 1176 815 1248 arthritide
841 1191 927 1278 est,x
944 1173 1079 1249 referri

68 1309 304 1392 potuerunt:
330 1319 413 1392 quae
427 1295 542 1365 sectio
559 1309 759 1392 propterea
776 1293 897 1366 multo
917 1294 1078 1365 maxima
1172 1329 1174 1336 >

72 1435 119 1483 ex
136 1426 245 1509 parte
262 1426 437 1484 constate
455 1410 627 1483 scholiis:
646 1426 683 1482 et
699 1411 747 1482 de
759 1413 889 1509 paucis
899 1412 970 1484 illis
982 1435 1078 1509 quas

70 1525 550 1616 habet,obseivationibus
566 1528 716 1626 aliquae,
738 1529 814 1624 jam
839 1527 944 1600 libris
962 1551 1076 1627 supe-

70 1643 241 1718 rioribus
257 1645 449 1743 productae
469 1643 636 1734 fueraut3
665 1647 758 1743 quin
783 1646 971 1767 ultimam,
993 1669 1077 1742 quae

71 1760 200 1833 addita
214 1777 292 1851 est,
310 1787 392 1834 eam
408 1787 430 1834 a
445 1767 588 1836 Eoneto
605 1764 687 1861 ipso
708 1765 748 1834 in
763 1764 832 1836 ista
849 1763 980 1836 eadem
996 1787 1076 1836 sec·

70 1880 176 1952 tione
189 1879 305 1977 paulo
322 1895 428 1968 ante,
447 1895 558 1978 atque
576 1880 670 1953 adeo
690 1881 862 1978 proxima
884 1881 1077 1978 superiore

70 1997 210 2094 pagina
222 1995 379 2068 totidem
396 1995 520 2068 verbis
534 1993 647 2068 luisse
669 1998 921 2095 propositam,
943 1995 1077 2094 dopre-

72 2112 237 2203 hendes,
259 2115 387 2186 sicum
405 2113 667 2188 observatione
687 2119 738 2186 XI
752 2116 909 2212 ejusque
930 2113 1075 2188 scholio

73 2229 293 2304 contuleris.
309 2229 404 2301 Mihi
415 2255 505 2302 vero
523 2246 594 2304 stat
609 2231 751 2302 nullam
767 2247 938 2330 repetere
956 2230 1076 2304 histo-
1115 2311 1117 2316 ,

68 2349 187 2449 riam,
206 2348 430 2446 cumplures
440 2373 486 2420 ex
496 2349 666 2422 Valsalva
681 2375 847 2447 possem,
864 2365 901 2422 et
910 2349 1075 2447 aliquam

71 2465 184 2538 etiam
200 2489 246 2537 ex
264 2466 367 2538 meis.
389 2470 482 2538 Cum
502 2466 695 2566 quidpiam
715 2467 804 2539 inde
824 2491 920 2564 opus
937 2467 1008 2538 erit
1027 2465 1075 2538 ad

69 2582 294 2654 memoriam
308 2581 496 2681 redigere,
520 2583 698 2680 epistolas
721 2585 760 2654 in
775 2582 916 2680 quibus
930 2583 1075 2680 relegas

71 2699 1075 2800 indicabo.Hicquampaucissimas,sedquasuecdum

70 2820 264 2906 miseram,
279 2816 447 2890 habebis.

121 2964 154 3008 a.
171 2935 380 3030 ..Mulierem
403 2935 596 3008 ischiadici
624 2935 774 3009 dolores
798 2961 893 3036 saepe
922 2950 1077 3034 torque-

70 3052 162 3126 bant
179 3053 228 3126 ad
247 3054 466 3150 juncturam
486 3052 639 3126 femoris
665 3054 876 3144 dexteram,
903 3079 1016 3152 quam
1033 3057 1073 3126 in

68 3187 215 3271 partem
226 3187 263 3244 et
279 3171 530 3259 claudicabat,
550 3187 588 3244 et
602 3172 779 3244 nonnihil
797 3171 955 3271 gibboso
981 3167 1072 3245 eratss

67 3290 276 3362 Novissime
295 3287 475 3386 paralysis
497 3288 685 3388 primum,
715 3288 853 3366 deinde
876 3290 1075 3388 apoplexia

71 3406 275 3505 corripuit,
293 3419 407 3504 atque
433 3403 624 3478 interiecit
653 3421 738 3480 ante
768 3404 883 3478 finem
912 3407 1076 3504 januarii
1100 3452 1104 3468 ι

73 3527 161 3596 anni
187 3529 292 3622 1741,
318 3523 408 3595 dum
428 3523 468 3594 in
496 3526 689 3623 gymnasio
719 3547 800 3596 rem
826 3526 1077 3616 anatomicam

71 3643 258 3714 traderem
278 3668 286 3712 ε
307 3664 384 3739 quo
402 3639 559 3715 cadaver
577 3665 597 3712 e
614 3643 838 3714 nosocomio
854 3641 1075 3714 translatum

73 3775 135 3832 est.
156 3763 301 3832 Ventre
324 3773 474 3857 aperto,
496 3774 691 3830 omentum
718 3782 756 3830 se
782 3757 919 3830 obtulit
938 3782 1076 3856 prope-

71 3875 225 3950 modum
237 3874 284 3948 ad
301 3873 443 3974 pubem
466 3899 584 3973 usque
604 3889 839 3973 protensum.
862 3874 975 3974 Quod
988 3898 1076 3946 cum

68 3995 258 4068 revolvere
285 4016 434 4068 sursum
452 3990 655 4082 vellemus,
684 4015 761 4064 una
791 3988 905 4062 colon
932 3991 1076 4102 intesti-
