2858 4658
274 464 320 538 38
438 469 485 532 nr
510 483 656 532 sturnus
681 483 725 530 rr
751 475 874 529 crusis
900 477 1110 529 nonnosum
1171 499 1174 506 ‚

273 615 396 673 cutem
418 597 535 672 ferme
551 598 761 696 universam
779 609 1065 694 occupaverant.
1083 595 1197 686 Quod
1214 621 1286 669 au·-

273 735 351 792 tem
388 717 434 789 de
464 715 586 788 scabie
614 715 756 787 dictum
788 729 865 801 est,
890 739 970 785 non
998 715 1071 785 nisi
1099 739 1186 786 cnm
1217 741 1279 789 re-

273 859 380 923 cens,
401 851 438 907 et
458 832 608 904 aliunde
632 845 823 905 contracta
847 830 977 922 fuerit,
998 851 1068 932 per
1089 834 1276 908 exteriora

270 951 535 1026 tantummodo
561 950 696 1020 auxilia
722 931 1156 1048 abigenda,„propterea
1183 953 1275 1048 quia

272 1073 303 1143 si
322 1071 449 1158 aliter,
468 1069 588 1140 exitus
607 1068 658 1140 sic
672 1068 987 1164 intercluderetur
1001 1069 1126 1141 noxiis
1142 1067 1277 1140 bumo-

248 1221 249 1224 ¹
271 1187 393 1274 ribus,
412 1201 491 1257 tum
509 1187 577 1283 qui
595 1211 665 1284 per
684 1211 765 1258 eam
785 1187 889 1283 ejici,
904 1203 985 1259 turn
1008 1187 1075 1286 qui
1093 1186 1141 1258 ab
1156 1211 1198 1259 ea
1216 1189 1275 1260 in-

270 1321 436 1378 trorsum
452 1303 541 1375 ferri
561 1321 837 1377 consueverant
848 1359 860 1392 ,
873 1305 973 1378 idem
993 1307 1129 1377 merito
1151 1305 1199 1378 de
1213 1307 1274 1378 ul·

271 1415 596 1521 ceribus'quoqne
624 1427 765 1496 caeteris
793 1425 929 1513 statui,
956 1423 1108 1521 relique
1136 1439 1277 1498 nostrae

272 1543 357 1614 satis
390 1541 595 1620 ostendunt
631 1541 921 1614 observationes.
955 1541 1144 1612 Diuturna
1171 1543 1274 1614 enim

271 1659 397 1730 ulcera
416 1661 496 1750 sive
517 1664 665 1758 perse,
689 1659 764 1731 sive
784 1657 831 1730 ab
849 1673 929 1730 arte
950 1659 1178 1747 arescentia,
1208 1674 1277 1734 aut

270 1779 442 1865 occlusa,
460 1776 604 1848 videbis
620 1778 687 1874 qui
704 1775 829 1848 morbi
852 1776 1056 1872 gravissimi
1075 1777 1272 1850 consecuti

239 1919 241 1924 ’
270 1895 366 1981 sint,
387 1893 764 1992 cerebripraesertim,
781 1908 817 1964 et
836 1917 1113 1989 nonuunquam
1127 1893 1276 1985 cordis,

269 2014 436 2110 itemque
456 2027 493 2084 et
511 2027 622 2100 tunc,
651 2026 690 2082 et
713 2033 798 2081 cum
819 2010 965 2098 ulcera,
991 2013 1162 2109 quamvis
1181 2037 1273 2084 nec-

269 2130 361 2202 dum
380 2129 545 2216 occlusa‚
565 2128 629 2200 diu
652 2145 778 2200 tamen
795 2143 1009 2218 vexassent,
1035 2129 1273 2202 animadver-

148 2239 153 2256 '
212 2283 215 2286 ·
269 2261 348 2319 tere
366 2247 527 2344 poteris,
555 2269 678 2316 serum
698 2243 976 2343 propemodum
1001 2269 1150 2344 semper
1172 2247 1275 2320 intra

270 2367 461 2452 cranium,
476 2361 667 2434 interdum
683 2387 836 2461 quoque
857 2367 955 2435 intra
973 2363 1179 2453 vertebras,
1205 2379 1273 2437 aut

196 2529 197 2533 =
267 2483 367 2552 intra
381 2479 575 2552 thoracem
591 2493 628 2550 et
644 2495 814 2551 ventrem
834 2475 955 2552 fuisse.
977 2483 1078 2574 Quas
1095 2480 1272 2553 observa-

268 2601 390 2671 tiones
407 2623 455 2668 ne
473 2596 535 2668 hic
557 2612 791 2695 repetamus,
823 2599 1001 2696 epistolas
1018 2599 1208 2670 malumus
1229 2600 1269 2672 in

268 2714 409 2813 quibus
445 2714 836 2813 plerasquearelegaS,
866 2716 1054 2806 indicare,
1087 2717 1269 2790 nimirum

243 2869 247 2874 2
268 2837 321 2904 IV
343 2835 419 2930 (1),
446 2837 479 2904 V
499 2832 580 2929 (α),
609 2835 677 2902 XII
702 2831 898 2929 (3)„xxv
925 2832 1000 2931 (4),
1023 2836 1163 2906 XXVII
1192 2835 1270 2933 (t),

266 2947 646 3046 xnvn(6),n11(7).
1169 2949 1171 2955 ·
1358 2949 1362 2953 ·

319 3072 372 3156 ¹4·
383 3064 456 3136 Sed
471 3080 606 3163 praeter
619 3065 699 3137 haec
711 3089 794 3164 quae
805 3066 852 3137 ad
869 3065 979 3140 tibias
997 3069 1178 3159 attinent,
1196 3069 1267 3140 alia
