2746 4662
77 447 145 496 cm.
158 448 209 496 rvt
229 448 276 496 nr
289 445 637 510 nomentanam,
654 437 723 496 etc.
737 449 934 498 mrsu-rvr.
964 447 1030 517 ιἰμ
1050 439 1053 446 “

34 573 142 650 teret,
163 562 366 640 molestum
392 560 597 658 quemdam
625 563 765 634 ossium
783 565 970 662 crepitum
991 565 1057 636 in¹

34 679 189 777 genibus
216 693 382 780 coeperat
416 677 734 767 animadvertere3
757 679 847 753 dein
881 681 1058 781 progr&

36 796 155 870 diente
178 779 351 895 ter'npore
372 799 412 868 in
431 795 608 868 omnibus
633 813 736 870 artus
755 798 952 896 utriusque
973 799 1058 872 su-¹

35 915 190 1010 perionis
213 913 403 1010 juncturis
427 915 479 986 sic
507 907 652 1000 tamen,
682 927 725 984 ut
752 914 1058 988 molestissimus

34 1045 123 1101 esset
141 1031 185 1101 in
204 1030 386 1128 genibus,
401 1031 542 1130 quippe
560 1053 640 1100 non
658 1030 732 1102 levi
748 1055 835 1102 cum
848 1031 980 1104 dolore
993 1035 1033 1104 in

38 1170 186 1218 crurum
209 1148 427 1220 extensione
449 1147 684 1244 conjunctus.
699 1151 784 1239 Quo
796 1150 897 1220 enim
915 1149 1032 1222 modo

38 1262 213 1336 claritate
231 1262 459 1336 deducerem
483 1261 587 1362 quod
606 1288 694 1336 cum
711 1264 843 1351 dolore
856 1267 1031 1362 junctum
1094 1285 1096 1288 ·

37 1382 147 1452 esset?
181 1387 313 1479 ltaque
335 1406 422 1454 cum
446 1406 489 1480 ea
517 1381 838 1455 commendassem
866 1385 1055 1474 interna',·

40 1512 259 1598 externaque
279 1499 415 1571 auxilia
433 1523 517 1598 quae
534 1500 727 1572 moderate
749 1499 1030 1594 humectarent,

38 1617 318 1716 tensionemque
329 1619 580 1708 remitterent3
599 1619 814 1716 insequenti
826 1643 927 1702 anno
944 1633 1032 1694 cum

40 1733 166 1805 iterum
202 1759 264 1806 me
294 1735 525 1823 consuleret,
557 1735 670 1807 nullae
693 1736 853 1833 amplius
877 1736 924 1808 de
958 1737 1050 1812 isto

41 1852 169 1924 ossium
191 1855 356 1951 crepitu,
371 1854 493 1951 vquasi
515 1878 713 1951 nunquam
745 1851 898 1944 fuisset,
923 1871 1050 1928 erant·

42 1971 207 2064 quereiam
218 1970 285 2044 sed
310 1987 353 2042 ut
381 1971 557 2068 gravibus
571 1971 735 2042 obnoxia
750 1995 828 2044 esse
839 1970 1030 2069 hypocon·
1045 1975 1047 1982 '

44 2084 163 2160 driacis
191 2085 453 2161 affectionibus
480 2103 566 2162 ante
596 2087 866 2178 consueverat,
890 2089 937 2162 de
971 2090 1046 2165 his‘

44 2203 294 2278 tantummodo
308 2204 549 2304 querebatur.

83 2321 135 2394 35.
153 2321 345 2395 Vertebrae
369 2320 589 2422 frangantur
604 2321 765 2412 facilius,
779 2349 827 2396 an
837 2307 1046 2417 lurcatur,

46 2441 289 2512 controversia
319 2454 375 2512 est
412 2442 511 2513 inter
549 2443 870 2540 praestantissimos
906 2446 1045 2534 viros,

46 2579 142 2650 qnam
155 2557 235 2630 aliis
247 2559 396 2630 Litteris
414 2557 468 2655 (1)
483 2560 786 2631 commemoravi.
807 2564 851 2630 Et
864 2561 968 2656 quod
981 2562 1030 2632 ad

47 2694 225 2771 supremas
237 2675 386 2749 illarum
398 2683 547 2766 attinet,
564 2701 680 2775 quare
696 2700 783 2748 curn
794 2676 1030 2773 saepius-mihi

47 2791 90 2860 rei
104 2791 320 2891 indagandae
342 2794 490 2866 occasio
510 2795 550 2866 in
568 2799 845 2892 suspensorum
858 2795 1042 2891 corpori:

48 2901 104 2979 bus
119 2911 207 2980 olim
223 2935 302 2980 non
321 2909 501 3001 defuerit,
518 2935 598 2984 non
615 2911 869 3010 indagaverim
884 2926 1028 3003 tamen,

49 3020 170 3096 ibidem
188 3025 395 3098 indicatum
410 3044 475 3101 est.
491 3034 544 3100 Ex
560 3054 606 3100 eo
623 3043 793 3126 tempore
811 3031 958 3103 occasio
966 3030 1039 3104 illa
1142 3111 1143 3114 ,

49 3158 181 3215 nonest
199 3140 295 3216 data.
323 3144 436 3234 Quod
454 3144 501 3216 ad
524 3160 672 3218 caeteras
688 3159 813 3216 autem
839 3145 1030 3218 vertebras
1058 3189 1063 3196 ·

50 3274 195 3352 spectat,
215 3285 302 3332 cum
319 3260 508 3350 Valsalva,
533 3277 569 3335 et
591 3287 661 3360 ego
677 3277 763 3358 post
779 3259 1031 3336 vehementis-

51 3371 145 3447 simos
169 3379 264 3448 ictus
283 3377 572 3475 inspiceremus,
591 3381 724 3450 neuter
742 3376 900 3468 luxatas,
927 3394 1031 3451 uter·

51 3491 1028 3606 quefractasdeprehendimus,utexLIV(2)etLlI(3)
