2700 4660
280 413 349 488 232
464 437 511 484 nn
537 433 682 484 sannas
708 433 753 479 rr
776 431 901 480 causls
925 429 1136 480 monacnum

276 574 472 646 nunquam
500 550 562 620 hic
586 547 702 643 aliqui
728 545 932 616 defuerunt
958 545 1181 616 validiorum
1206 567 1263 642 po·

275 669 493 764 tiu5,quam
515 667 717 748 tutiorum,
739 664 994 734 remediorum
1014 677 1200 750 amanteS,
1216 666 1265 734 sic

275 786 522 881 postpositam
541 781 693 878 quidem
718 781 944 878 plerumque
973 779 1160 866 decoctis,
1181 805 1265 849 nun-

274 927 388 998 quam
420 918 546 972 tamen
580 923 734 997 prorsus
762 897 946 970 desertam
981 895 1094 968 fuisse
1124 897 1264 994 accepi,

147 1067 152 1122 i
275 1043 388 1115 quam
418 1017 509 1088 libet
530 1015 808 1114 propemodum
839 1016 1030 1086 mercurio
1058 1014 1193 1086 utendi
1219 1040 1266 1084 ra-

149 1127 155 1140 ”
273 1137 427 1204 tionem.
448 1137 580 1228 Itaque
597 1157 642 1204 ex
658 1157 735 1228 quo
753 1131 829 1202 huc
849 1133 952 1219 veni,
976 1145 1112 1228 praeter
1131 1129 1266 1204 suffitus

275 1275 437 1347 quorum
455 1251 686 1320 mentionem
703 1249 887 1320 audivisse
909 1273 988 1320 uon
1006 1249 1180 1334 memini,
1201 1248 1270 1346 ple·

274 1391 413 1462 rosque
442 1367 534 1437 alios
551 1365 687 1438 modos
712 1367 751 1436 in
769 1389 879 1438 usum
903 1385 1057 1436 vocatos
1076 1390 1156 1437 esse
1181 1367 1272 1452 scio,

273 1486 313 1554 in
340 1485 478 1581 'hisque
501 1485 731 1556 mercurium
766 1485 826 1556 vel
861 1483 1146 1582 deglutiendum
1172 1483 1270 1555 exhi-

271 1601 407 1686 bendi,
438 1602 619 1699 huncque
641 1617 706 1673 aut
733 1627 819 1672 cum
845 1604 890 1672 iis
921 1603 1168 1697 conjunctum
1193 1627 1272 1699 quae

175 1735 177 1739 ’
272 1747 342 1821 per
358 1721 705 1841 a'vumlducerent,
723 1736 787 1791 aut
809 1722 867 1800 ita,
876 1735 1065 1818 paratum,
1093 1736 1136 1790 ut
1150 1722 1273 1792 saliva·

270 1842 433 1925 tionem,
448 1855 512 1910 aut
533 1841 643 1910 etiam
660 1855 703 1910 ut
721 1838 975 1936 diaphoresim
1006 1854 1194 1926 moveret,
1215 1839 1272 1912 vel

273 1981 360 2030 cum
386 1957 615 2054 pinguedine
643 1958 721 2027 cuti
742 1955 924 2027 illinendi.
956 1959 1097 2028 Verum
1121 1957 1275 2029 ultimus

145 2123 149 2130 ,
247 2126 251 2146 ,
273 2073 337 2144 hie
356 2071 493 2144 modus
505 2075 645 2159 rarior,
669 2075 793 2144 minus
812 2075 886 2142 rari
907 2075 1053 2170 priores
1074 2089 1171 2158 tres3
1195 2099 1274 2145 cre-

271 2174 439 2262 berrima
456 2205 580 2262 autem
600 2206 706 2262 eraut
723 2190 879 2260 decocta
903 2192 1114 2288 lignorum,
1135 2207 1178 2262 ut
1197 2193 1276 2289 plu·

273 2307 413 2378 rimum
433 2308 681 2393 exoticorum,
707 2331 1001 2404 nonnunquam,
1032 2323 1073 2378 ut
1091 2333 1164 2405 pro
1186 2333 1275 2406 pau·

160 2442 173 2507 ’ζ
274 2423 469 2522 perrimis,
503 2424 717 2521 plantarum
746 2426 988 2510 nostratium,
1019 2451 1095 2522 quo
1120 2419 1164 2496 in
1192 2426 1276 2498 loco

172 2527 175 2535 ¹
273 2564 353 2610 non
375 2556 429 2611 est
459 2540 527 2612 tibi
547 2540 804 2628 reticendum,
825 2566 912 2612 cum
928 2543 1196 2632 Vallisnerius,
1212 2544 1276 2641 qui

275 2657 314 2726 id
346 2657 441 2727 mihi
476 2673 632 2729 testatus
661 2674 738 2746 est,
772 2658 957 2754 ejusmodi
989 2658 1134 2729 homini
1163 2686 1272 2758 quem

274 2773 452 2877 diuturna
470 2795 633 2844 venerea
654 2774 733 2846 lues
748 2776 908 2874 pessime
931 2773 1113 2864 habehat,
1140 2777 1275 2850 decoc-

273 2905 353 2961 tum
375 2891 661 2988 praescripsisset
682 2890 856 2962 bardanae
881 2892 1070 2981 radicum,
1095 2895 1277 2983 marubii,

272 3022 309 3080 et
323 3007 500 3076 viridium
524 3009 762 3103 putaminum
781 3010 1019 3106 juglandium
1041 3036 1205 3100 nucum,
1224 3016 1274 3084 in·

271 3123 446 3221 gentibus
472 3123 616 3196 obortis
645 3125 848 3198 sudoribus
871 3127 1064 3201 hominem
1090 3153 1169 3202 esse
1188 3155 1273 3228 per-

272 3257 453 3314 sanatum.
481 3246 597 3312 Porro
623 3245 782 3332 sensim,
814 3247 1071 3344 paulatimque
1097 3273 1157 3319 res
1179 3249 1272 3319 adeo

270 3374 430 3432 mutatas
449 3359 543 3447 vidi,
563 3376 605 3432 ut
625 3363 696 3433 nisi
718 3362 836 3433 levior
855 3363 1011 3436 morbus
1024 3365 1088 3451 sit,
1116 3389 1270 3462 perraro

271 3475 425 3546 decocta
446 3475 493 3546 ad
516 3477 709 3566 sudorem,
731 3479 959 3552 creberrime
981 3496 1105 3552 autem
1123 3507 1270 3556 mercu-

269 3593 348 3664 rius
377 3591 486 3662 detur
513 3592 560 3663 ad
584 3595 841 3670 salivatiouem
867 3597 1059 3686 ciendam,
1084 3600 1268 3672 inunctio·

269 3707 382 3784 uibus
401 3733 498 3806 pene
519 3708 690 3800 desertis,
709 3713 947 3785 causantibus
963 3714 1138 3805 medicis,
1155 3719 1195 3788 in
1211 3717 1267 3786 his

268 3827 394 3900 minus
405 3827 497 3898 scire
516 3851 554 3898 se
566 3852 675 3924 posse
692 3846 876 3928 quantum
891 3831 1115 3930 hydrargyri
1133 3855 1265 3934 corpus

237 4010 240 4016 .
270 3943 420 4034 subeat,
431 3944 632 4046 minusque
652 3964 853 4048 propterea
870 3950 1066 4049 quomodo
1084 3974 1211 4051 gerere
1227 3973 1263 4023 se
