2732 4654
270 419 342 494 2¹92
434 419 481 468 DE
507 413 654 468 surmus
679 415 724 464 ΕΤ
750 413 874 470 ΕᾸΙῘΒῙΒ
901 413 1111 466 MORBORUM

269 533 380 630 nigri.
400 532 510 634 Unde
527 531 611 602 alvo
632 529 767 615 soluta,
788 530 898 627 plura
917 529 1064 626 dejecit.
1091 529 1163 603 Sed
1186 547 1270 601 cum

270 649 359 720 mali
393 648 489 720 nihil
517 661 797 746 expectaretur,
830 647 952 744 prime
980 663 1123 748 nocte,
1152 646 1192 718 id
1222 659 1273 716 est
1351 667 1352 680 ³

270 767 447 865 septima,
467 791 515 836 an
534 779 663 836 octava
678 788 723 833 ex
746 788 823 861 quo
846 763 885 835 id
910 780 1141 862 sumpserat,
1160 763 1272 849 bora,

267 885 431 954 vomitus
466 896 503 953 et
534 881 675 952 ventris
712 879 863 952 dolores
905 883 1142 980 ingruerunt.
1182 881 1270 970 Quae
1352 925 1353 934 κ

266 1027 383 1088 mox,
399 997 520 1071 calido
537 997 672 1070 hausto
681 998 855 1094 jusculo,
875 999 953 1070 visa
971 1014 1060 1072 sunt
1076 999 1272 1096 conquies·
1352 1067 1353 1072 ,

267 1144 352 1192 cere
379 1119 477 1189 circa
502 1115 635 1188 boram
661 1117 784 1188 noctis
801 1108 1017 1188 secundam.
1043 1117 1183 1207 Quinta
1202 1116 1269 1186 ite·

265 1260 351 1308 rum
364 1235 583 1321 extiteruut3
603 1234 818 1331 iterumque
849 1235 970 1308 minui
1001 1235 1079 1306 visa
1108 1249 1195 1306 suut
1218 1234 1268 1303 ita

264 1349 307 1425 ut
336 1366 423 1422 ante
453 1366 593 1422 sextam
619 1351 758 1422 lectum
784 1365 957 1449 peteret:
979 1350 1266 1422 ¹uomituautem

263 1469 360 1542 nihil
377 1469 582 1565 rejecerat,
601 1469 675 1540 nisi
691 1469 853 1540 materiae
878 1493 923 1538 ex
947 1467 1059 1538 viridi
1084 1469 1190 1566 quasi
1207 1467 1266 1538 ni·

265 1586 470 1688 gresceutis
483 1601 666 1683 quantum
680 1585 775 1675 du0‚
789 1599 853 1657 aut
867 1585 938 1656 tria
947 1583 1159 1656 cochlearia
1178 1608 1265 1655 con-

264 1707 385 1776 tinere
418 1705 637 1801 potuissent.
669 1700 820 1774 Cubans
843 1703 1037 1799 quiescere
1056 1701 1159 1772 visus
1189 1714 1262 1786 est,
1351 1733 1353 1796 j

264 1834 365 1892 certe
398 1821 542 1891 nullam
582 1843 714 1891 vocem
748 1817 913 1890 indicem
947 1815 1089 1889 doloris
1127 1816 1263 1905 edidit,

263 1963 377 2036 quam
395 1940 435 2008 in
460 1938 642 2036 proximis
661 1937 809 2009 lectulis
837 1934 1018 2008 cubantes
1044 1936 1133 2032 aegri
1162 1934 1262 2006 audi·

260 2058 393 2136 verint.
416 2061 519 2126 Hora
541 2069 689 2138 tautum
716 2067 845 2124 octava
878 2068 993 2125 sonus
1023 2050 1196 2150 quidam,
1220 2077 1259 2124 ex

262 2173 344 2268 ejus
375 2197 440 2243 ore
466 2171 644 2258 emissus,
669 2194 690 2240 a
721 2169 902 2242 ministris
929 2168 1079 2242 auditus
1110 2185 1185 2242 est:
1217 2167 1259 2240 ad
1351 2255 1353 2270 ,

260 2313 376 2388 quem
393 2301 655 2375 accurrentes,
674 2285 870 2358 homiuem
891 2285 969 2382 jam
992 2267 1186 2358 mortuum
1205 2288 1258 2356 in·
1350 2274 1351 2292 ¹

259 2420 456 2478 venerunt.
473 2407 563 2496 Quae
588 2402 701 2492 mibi,
733 2405 799 2494 (iis
830 2400 926 2476 forte
951 2403 1106 2494 diebus,
1126 2383 1257 2502 nempe
1350 2431 1352 2466 ;

259 2525 358 2596 circa
377 2521 545 2595 medium
576 2520 816 2594 decembrem
833 2523 922 2590 anni
941 2526 1030 2618 1747
1044 2523 1085 2592 in
1102 2546 1257 2594 nosoco-

257 2642 335 2714 mio
353 2655 552 2712 anatomen
570 2635 746 2734 docenti)
762 2663 848 2710 cum
869 2655 992 2710 essent
1006 2639 1142 2730 relata,
1161 2665 1256 2738 quee-
1351 2646 1352 2664 ³

258 2758 328 2829 sivi
353 2757 539 2870 primum,
568 2756 679 2853 quale
701 2753 859 2828 ellebori
890 2769 1113 2845 extractum,
1142 2781 1257 2855 quan·

257 2887 415 2971 tumque
434 2874 661 2971 sumpsisset.
688 2872 865 2970 Comperi
885 2887 1011 2942 autem
1035 2873 1136 2945 idem
1157 2870 1257 2972 quod
1352 2919 1353 2928 κ

236 2990 339 3062 eliis
365 2989 700 3061 dar12ibi'solitum
731 3003 844 3070 esset,
874 2989 1048 3062 videlicet
1078 3017 1098 3063 e
1132 3013 1257 3064 recens
1352 3059 1353 3068 ,

266 3107 411 3196 evulsis,
433 3109 676 3204 contusisque
693 3105 884 3178 radicibus
908 3107 1069 3205 simplici
1083 3133 1182 3207 aqua
1198 3133 1257 3207 pa·
1353 3153 1354 3164 ἢ

261 3239 397 3311 ratum3
414 3221 584 3320 pondere
598 3239 724 3294 autem
743 3222 1026 3296 semidrachmae
1037 3227 1255 3325 sumpsisse,
1352 3239 1353 3308 g

257 3364 344 3412 cum
360 3363 522 3437 persaepe
544 3339 697 3438 quidem
708 3339 765 3410 'ad
778 3341 944 3438 scrupuli
964 3341 1132 3438 pondus,
1148 3345 1257 3414 inter·

256 3455 348 3528 dum
368 3470 491 3527 tamen
504 3458 547 3528 iis
564 3481 730 3554 quorum
746 3456 850 3530 alvus
868 3483 947 3529 uon
959 3455 1065 3532 facile
1083 3461 1256 3548 solvitur,

254 3573 352 3644 ultra
369 3571 682 3644 semidrachmam
697 3574 776 3644 siue
798 3574 873 3644 ulla
892 3599 991 3646 noxa
1007 3575 1254 3650 exhiberetur.
1353 3585 1354 3616 ³

253 3693 360 3762 Tunc
377 3705 502 3761 autem
522 3691 721 3786 quaerenti,
742 3715 834 3762 num
847 3693 949 3763 aliud
968 3692 1254 3793 praetereaquod
1353 3693 1354 3754 ἒ

255 3831 393 3878 nocere
409 3819 549 3902 posset,
568 3803 684 3880 homo
698 3809 923 3906 accepisset,
943 3833 1169 3906 responsum
1190 3821 1255 3897 es't,

256 3923 334 3996 imo
350 3924 389 3993 iu
410 3946 455 3995 eo
475 3945 648 4020 peccasse
673 3923 778 4024 quod
798 3949 878 3997 uon
904 3928 1110 4024 accepisset
1134 3927 1256 4000 omnia
1354 4007 1356 4024 ἶ
