2700 4660
115 491 185 540 ms.
201 491 250 539 1v.
267 489 460 540 nruoams
472 481 750 555 ontaono.,etc.
770 489 880 540 misr.
900 491 972 540 mx.
1002 466 1091 558 245⁴

68 603 275 679 sectionem
295 604 394 681 hanc
412 603 666 702 Sepulchreti‚
687 605 808 702 prima
821 607 932 678 estin
946 606 1076 680 obser*

70 724 222 794 vatione
238 725 338 792 XllI.
359 719 520 792 Exhibet
538 743 581 792 ea
601 719 758 792 historia
780 721 950 820 puellum
966 721 1076 794 bien-

71 865 157 912 nem
179 865 201 911 a
219 839 434 939 praegressis
449 835 619 910 febribus
645 848 896 930 maceratum,
913 838 1076 944 adultio-

68 981 203 1055 resque
224 957 367 1054 puellas
380 955 481 1027 ‘duas
501 954 599 1026 bene
619 956 806 1042 valentes,
829 981 993 1054 quorum
1012 958 1075 1032 ille

69 1073 127 1142 vix
146 1071 228 1142 duo
243 1071 474 1158 cochlearia,
495 1071 551 1142 hae
568 1071 758 1168 reliquum
777 1087 1013 1170 sumpserant
1028 1073 1088 1144 de-

68 1189 270 1286 pulticula,
287 1185 619 1277 arsenicoinfecta,
635 1214 756 1260 vacuo
773 1190 834 1261 ille
847 1190 1077 1277 ventriculo,

69 1305 124 1376 hae
137 1305 236 1378 cibis
252 1305 385 1404 pleno:
412 1306 475 1377 ille
500 1331 579 1376 non
601 1308 766 1394 vomuit,
792 1305 849 1377 hae
870 1309 1013 1397 statim,
1038 1323 1076 1380 et

70 1439 219 1523 postea,
250 1438 328 1494 arte
352 1423 465 1496 etiam
494 1423 645 1520 adjutae,
675 1425 859 1514 multum,
881 1440 917 1497 et
939 1427 1073 1524 saepius

70 1557 310 1613 vomuerunt.
339 1541 567 1613 Discrimina
589 1541 667 1612 haec
687 1543 857 1614 diversus
881 1543 1002 1614 exitus
1020 1557 1076 1616 est

71 1675 306 1731 consecutus.
336 1659 471 1730 Puellae
510 1661 717 1732 evaseruntl
749 1659 899 1732 Pueilus
929 1676 1077 1749 autem,

72 1777 175 1868 cujus
196 1775 308 1846 nullae
332 1776 595 1848 convulsiones
618 1777 717 1847 inter
738 1791 869 1848 caetera
889 1779 992 1876 signa
1011 1777 1076 1849 ad-

72 1906 275 1979 notantur,
289 1891 433 1965 viribus
450 1894 567 1990 magis
589 1895 783 1990 magisque
810 1891 1075 1967 deficientibus

73 2011 199 2108 periit,
217 2009 429 2082 ventriculo
448 2012 551 2082 intus
570 2011 804 2100 exulcerato,
832 2011 1012 2109 pulmone
1030 2036 1076 2083 ex
1175 2017 1177 2022 ’

74 2141 150 2196 atro
159 2127 375 2198 livescente.
386 2125 550 2198 Proferri
560 2127 699 2199 ibidem
711 2126 855 2198 videbis
866 2151 1075 2225 puerorum

17 2243 21 2250 '
75 2243 243 2342 exempla
265 2244 354 2333 alia,
377 2245 481 2341 quia
501 2244 681 2315 devorato
703 2243 873 2316 arsenico
893 2267 979 2316 eum
1003 2257 1076 2316 sta·

74 2360 157 2448 tim,
174 2375 242 2431 aut
259 2386 338 2431 non
357 2359 532 2466 pluribus
548 2375 634 2459 post
654 2360 759 2432 horis
770 2362 1021 2449 vomuissent,
1038 2376 1077 2435 et

75 2478 249 2552 remediis
261 2479 379 2574 adjuti
392 2494 532 2566 essent,
542 2477 824 2550 convaluerunt.
833 2483 937 2550 Inter
948 2503 1075 2577 symp-

76 2609 216 2668 tomata
241 2611 392 2666 artuum
417 2609 560 2667 tremor
589 2595 629 2664 in
661 2619 739 2664 uno
759 2593 814 2690 (1)
832 2599 1075 2666 memoratur.

78 2713 145 2801 Qui
161 2725 290 2783 autem
303 2711 505 2783 arsenicale
520 2711 774 2809 pigmentum,
789 2709 1076 2799 sandaracham,

79 2827 284 2900 delinxerat
304 2853 399 2926 puer
424 2827 498 2924 (a),
522 2829 629 2924 isque
658 2813 969 2929 undecimestris,
1005 2851 1076 2898 neo

80 2945 146 3017 nisi
160 2959 250 3044 post
261 2959 436 3042 quartum
455 2944 554 3017 diem
569 2942 851 3014 medicamentis
869 2966 977 3030 usus,
995 2967 1076 3017 nou

82 3063 155 3135 sine
208 3060 516 3134 convulsionibus
561 3061 714 3158 periisse
762 3071 946 3130 narratur.
996 3063 1076 3132 Nec

83 3176 213 3275 puellae
239 3178 296 3276 (3)
311 3195 394 3276 quae
411 3181 528 3250 serius
548 3175 762 3250 vomuitab
792 3191 1002 3275 assumpto,
1034 3191 1078 3250 ut
1099 3171 1102 3186 ¹

83 3295 386 3394 suspicabantur,
412 3320 559 3368 veneno
580 3285 785 3382 erodente,
810 3294 1079 3367 convulsiones

83 3412 266 3486 terribiles
299 3416 551 3502 omittuntur,
592 3437 689 3510 quae,
717 3427 877 3484 mortem
910 3427 1079 3484 anteces-

85 3550 170 3602 sere.
190 3535 396 3602 Evaserant
423 3532 490 3629 qui
512 3531 619 3602 citius
638 3554 819 3602 vomuere
835 3530 1080 3628 quadriennis

122 3825 162 3906 (ι)
184 3829 259 3886 nist.
282 3847 310 3886 a.

120 3923 161 4002 (a)
182 3927 256 3983 Hist.
279 3927 308 3984 8.

122 4021 164 4103 (S)
184 4025 259 4086 ffist.
280 4047 310 4105 9.
