2858 4658
305 377 355 468 84
472 406 519 455 nr
545 401 690 454 sannas
715 403 759 451 nr
784 403 908 477 causis
933 385 1145 458 udnronmr
1195 437 1198 444 ,

304 530 410 590 tanto
431 521 604 606 crassior,
618 531 661 588 ut
681 515 728 588 de
749 541 791 588 ea
808 519 948 616 pariter
969 520 1044 594 dici
1069 522 1187 619 possit
1204 521 1311 620 quod

306 634 353 706 de
382 638 575 709 extremis.
594 635 811 732 longiorum
841 639 981 710 ossium
1020 639 1211 737 partibus,
1243 629 1311 714 sua

306 753 571 841 crassitudine,
598 743 733 824 si'non
755 768 962 846 structura,
992 755 1167 830 fractioni
1197 760 1313 832 resis-

305 868 483 942 tentibus.
1402 937 1403 962 ,

355 983 386 1058 5.
408 983 509 1074 Quid
527 1009 618 1056 vero
638 986 679 1056 in
698 985 891 1084 plerisque
911 988 1054 1061 accidat
1075 989 1215 1088 quibus
1230 1013 1312 1062 cer·
1402 995 1403 1056 ἐ

303 1105 365 1173 vix
380 1099 496 1174 tracta
513 1117 591 1190 est;
610 1103 660 1174 ob
674 1128 735 1176 eas
753 1106 854 1176 enim
867 1125 961 1203 quas
981 1104 1161 1195 diximus,
1180 1105 1311 1181 causas
1402 1139 1403 1146 ¹

304 1221 380 1292 rari
394 1222 551 1292 omnino
573 1225 660 1292 sunt
678 1220 818 1318 quibus
844 1222 1047 1312 coalescat,
1067 1221 1157 1296 rnox
1172 1224 1312 1296 videbi·

304 1363 408 1426 mus,
427 1337 473 1408 ad
495 1338 706 1410 Salamanni
734 1339 836 1410 illam
852 1395 856 1405 ,
873 1340 983 1412 aliam
1007 1335 1311 1452 dissertationem
1402 1355 1403 1448 t

303 1471 555 1545 transeuntes,
573 1457 760 1553 simulque
771 1481 833 1528 eas
843 1483 936 1554 quas
952 1460 993 1529 in
1007 1455 1310 1532 memoratahac·
1402 1459 1403 1494 ¹

301 1587 413 1646 tenus
425 1571 564 1646 referre
579 1598 657 1644 non
676 1576 815 1670 potuit,
836 1573 1044 1648 indicantes
1059 1630 1068 1665 ,
1083 1600 1308 1660 nonomnes

300 1708 427 1786 tamen
442 1747 451 1780 ,
471 1691 598 1792 plures
616 1693 718 1762 enim
730 1691 831 1789 apud
848 1692 941 1764 alios
952 1707 1095 1772 exstare
1113 1695 1309 1784 novimus;

301 1812 368 1884 sed
387 1813 498 1882 unius
519 1809 661 1898 solum,
684 1824 720 1880 ct
740 1809 893 1881 alterius
910 1811 1143 1882 mentionem
1157 1809 1309 1894 ,facien-
1402 1873 1403 1888 t

300 1944 376 2020 tes,
393 1953 493 2026 quae,
513 1925 696 1998 cumhaec
716 1925 983 2016 scriberemus,
1004 1943 1112 2000 erant
1132 1929 1172 2000 in
1187 1912 1309 2000 mani·

246 2143 248 2148 Ι
299 2045 382 2120 bus.
394 2048 511 2146 Igitur
525 2060 567 2116 ut
587 2044 641 2114 illi
651 2069 748 2142 quos
765 2044 989 2133 omittimus,
1003 2047 1054 2116 ita
1068 2047 1179 2116 etiam
1201 2071 1309 2146 expe·

300 2165 402 2234 riens
414 2218 424 2252 ,
435 2161 718 2258 industriusque
732 2159 931 2262 chirurgus
940 2165 1145 2259 Gregorius
1156 2163 1310 2236 Barbet·
1402 2205 1403 2258 i

299 2297 382 2366 tus,
404 2281 500 2354 sicut
516 2280 555 2351 in
571 2277 742 2376 apologia
754 2276 809 2374 (1)
825 2293 879 2350 est
897 2304 1011 2375 quarn
1028 2280 1076 2351 ad
1089 2279 1308 2352 noshuma·

297 2401 397 2470 niter
423 2397 539 2486 misit,
560 2396 679 2484 idem,
701 2397 741 2466 in
767 2395 924 2468 dissecta
950 2421 1029 2468 ase
1059 2395 1197 2468 femina
1209 2399 1306 2472 vidit
1402 2489 1403 2494 ἵ

298 2519 491 2616 octoginta
523 2509 671 2608 circiter
702 2537 822 2586 annos
852 2529 957 2602 nata,
986 2515 1046 2586 cui
1079 2516 1227 2588 tametsi
1256 2517 1305 2589 ad

298 2633 665 2734 quartumdecimum
677 2655 798 2727 usque
811 2655 856 2701 ex
872 2655 949 2730 quo
963 2631 1165 2721 ceciderat,
1183 2632 1306 2724 diem,

298 2779 378 2826 non
395 2751 547 2824 brevior
564 2774 655 2822 sano
671 2764 754 2820 artu
766 2748 861 2820 alter
874 2747 1014 2838 fuerat,
1030 2751 1156 2822 cervix
1175 2765 1305 2826 tamen
1402 2749 1403 2776 ³

297 2868 450 2950 femoris
464 2867 581 2940 fracta
602 2882 699 2954 erat,
716 2891 780 2954 an,
796 2882 838 2938 ut
854 2870 1089 2966 suspicatur,
1107 2870 1195 2965 quia
1214 2895 1308 2954 cum,
1402 2877 1403 2884 ’

296 2989 405 3063 initio
422 3003 518 3086 essct
528 3011 607 3056 non
624 3008 780 3082 prorsus
803 2981 939 3071 fracta,
959 2985 1104 3058 tamdiu
1118 2990 1303 3062 musculis
1402 2993 1403 2998 ’

297 3105 420 3180 femur
441 3103 682 3176 moventibus
698 3103 921 3174 restitisset?
943 3103 1047 3174 Idem
1067 3119 1193 3175 tamen
1209 3106 1305 3179 alte·

295 3247 376 3295 ram
396 3219 541 3319 profert
554 3220 858 3293 'observationem
879 3221 1045 3292 hominis
1063 3222 1131 3319 qui
1150 3223 1303 3296 avehe-

295 3341 415 3414 menti
428 3338 538 3410 calcis
551 3339 629 3408 ictu
655 3337 701 3408 ad
725 3338 901 3410 eumdem
922 3336 1075 3410 femoris
1097 3339 1302 3412 articulum

295 3439 362 3530 diu
387 3456 666 3528 claudicaverat.
694 3459 807 3525 ineo
833 3455 1001 3528 luxatum
1021 3451 1144 3526 femur
1169 3455 1302 3556 depre-

293 3574 445 3662 hendit,
458 3590 501 3645 ut
514 3576 634 3672 capite
650 3573 805 3658 dorsum
818 3574 910 3644 ossis
925 3574 1030 3644 ilium
1041 3575 1299 3674 contingeret,

329 3949 374 4034 (r)
395 3951 544 4029 Apologia
556 3949 588 4008 di
602 3949 660 4008 due
673 3951 761 4008 Cure.
