2732 4654
126 378 763 456 urarv.oruonarscfl1auue.,ete
781 391 894 440 rrrsr.
911 391 983 442 mx.
1013 365 1082 466 3⁰7

83 509 199 582 reuda
219 524 327 595 sunt,
347 529 530 604 quorum,
553 491 624 576 alia
638 528 725 574 cum
745 503 947 600 adjudices
959 531 1087 580 rerum

83 627 297 724 capitalium
330 626 535 710 attineant,
567 646 588 691 a
627 647 687 693 me
726 625 1088 722 praetermittuntur,

82 741 184 812 aliud
197 757 339 828 autem,
359 739 406 812 ad
427 738 595 810 medicos
614 753 807 836 spectans,
829 765 907 812 non
927 757 981 814 est
999 744 1090 814 reti·

80 859 270 944 cendum,
286 859 457 956 quamvis
475 881 543 954 per
556 881 594 929 se
610 855 782 944 obvium,
797 874 865 952 eta
879 883 938 931 me
952 861 1089 960 semel,

81 977 299 1074 iterumque
311 975 632 1062 animadversum.
653 978 747 1046 Nam
764 993 900 1073 praeter
926 980 964 1052 id
983 983 1089 1080 quod

83 1118 188 1166 anno
209 1119 295 1190 1711
320 1118 340 1164 a
363 1118 422 1164 me
442 1094 584 1180 visum,
608 1107 645 1164 et
663 1095 845 1191 supra(1)
866 1097 1090 1174 adnotatum
1122 1137 1129 1148 ·

83 1225 158 1300 est,
181 1236 268 1284 eum
283 1211 457 1282 videlicet
474 1225 549 1281 tres
562 1211 826 1306 quiexeadem
844 1211 949 1312 pulte
968 1243 1092 1292 come-

84 1329 248 1413 dissent,
268 1352 401 1402 omnes
413 1327 520 1400 brevi
533 1342 620 1424 post
632 1331 773 1426 sumpti
784 1333 919 1404 veneni
931 1353 1094 1435 sympto-

86 1446 252 1518 nratibus
275 1445 515 1531 laborarunt,
535 1446 611 1540 jam
637 1461 746 1518 antea
772 1464 957 1527 autumno
989 1479 1091 1528 anno

89 1590 186 1662 1709
209 1563 412 1648 acciderat,
431 1577 474 1633 ut
505 1589 566 1635 me
595 1563 721 1660 plures
750 1591 922 1640 meorum
952 1575 1091 1647 civium

83 1685 184 1754 intra
200 1705 341 1781 paucos
360 1681 440 1752 dies
463 1680 706 1771 advocarent,
727 1704 929 1780 quoscum
956 1695 1091 1766 scirem

82 1800 317 1873 familiariter
349 1800 447 1870 inter
474 1823 513 1871 se
534 1802 693 1887 versari,
718 1817 755 1873 et
781 1807 972 1880 convivari
992 1837 1093 1884 non·-¹

83 1943 286 2016 nunquam
312 1917 459 1990 solitos:
489 1899 730 1988 communem
763 1921 929 2018 aliquam
955 1952 1090 2002 eorum

82 2040 120 2108 in
144 2061 268 2111 unum
280 2050 429 2132 tempus
445 2033 693 2106 incidentium
708 2041 993 2135 aegrotationum
1005 2071 1091 2119 cau-

82 2181 164 2228 sam
193 2155 416 2251 suspicetus,
441 2153 710 2251 interrogando
734 2162 918 2256 comperi,
943 2189 988 2234 ex
1011 2191 1090 2263 qno

82 2274 288 2344 novissime
309 2269 420 2343 simul
443 2293 575 2344 omnes
592 2273 732 2370 epulati
751 2294 893 2368 essent,
925 2284 1090 2379 primum

83 2395 214 2464 minus
232 2389 335 2490 bene
365 2411 403 2460 se
426 2386 626 2476 habuisse,
651 2415 739 2462 mox
765 2410 890 2466 autem
910 2417 1090 2496 aegrotare

84 2511 256 2608 coepisse.
270 2503 445 2598 Quaesivi,
464 2531 512 2578 an
532 2522 666 2604 praeter
682 2509 784 2606 ipsos
801 2512 870 2582 alii
884 2515 924 2584 in
941 2541 986 2587 eo
1005 2543 1095 2590 con·

83 2629 187 2700 vivio
210 2622 376 2701 fuissent.
413 2627 507 2696 Cum
527 2639 563 2698 et
588 2621 722 2709 fuisse,
748 2641 785 2703 et
802 2645 990 2727 quotquot
1009 2633 1098 2708 fue..

85 2760 194 2830 rant,
213 2743 289 2840 jam
305 2766 454 2831 omnes,
479 2766 527 2812 ne
551 2766 629 2812 uno
654 2742 808 2840 quidem
838 2765 1016 2846 excepte,
1047 2779 1091 2826 ex

82 2859 223 2932 morbo
245 2857 473 2932 decumbere
492 2857 742 2955 accepissem,
771 2885 842 2934 nec
859 2889 1089 2966 quemquam

84 2999 216 3056 tamen
239 2993 304 3049 aut
322 2978 408 3076 plus
434 3001 560 3074 aequo,
580 2993 644 3050 aut
664 2978 859 3078 quidpiam
884 2985 1011 3059 minus
1034 2989 1103 3072 sa<

83 3100 198 3172 lubre
219 3097 445 3193 sumpsisse,
471 3111 654 3168 autumno
682 3112 807 3172 autern
836 3099 902 3172 illo
921 3129 1026 3176 raros
1052 3109 1099 3180 in·

82 3217 234 3290 civitate
263 3216 380 3311 aegros
403 3237 481 3286 esse
506 3213 867 3306 animadverterem,
896 3221 957 3291 vix
981 3221 1091 3295 dubi·
1194 3287 1197 3294 .

82 3337 244 3411 tandum
273 3359 353 3408 esse
379 3335 565 3419 intellexi,
588 3338 682 3433 quiu
715 3341 821 3435 pravi
853 3339 1022 3439 aliquid,
1054 3341 1103 3420 et³

85 3479 237 3528 veneno
248 3453 376 3541 ‚simile
392 3455 585 3526 ett'errore
597 3452 753 3529 fortuito
772 3457 899 3554 aliquo
915 3461 991 3533 sive
1005 3485 1094 3561 epu·

84 3575 164 3660 las,
180 3574 256 3646 sive
273 3572 468 3669 potiones,
488 3572 626 3670 quibus
642 3575 682 3646 in
701 3599 746 3646 eo
762 3573 922 3673 prandio
939 3581 997 3651 usi
1015 3578 1094 3654 fue·

126 3951 173 4032 (ι)
192 3953 232 4012 tt.
256 3971 272 4025 7
288 3961 393 4025 etseq.
