2836 4648
175 450 285 503 mnu
299 442 665 502 nnlnommstntn.
676 441 798 498 tonna.
816 447 927 510 emar.
943 447 1069 505 txvnt.
1096 427 1167 534 647

228 573 283 656 14.
299 571 345 639 At
364 567 439 638 sive
452 564 498 636 ad
510 578 705 662 utrosque,
719 563 794 636 sive
804 564 851 635 ad
867 582 1061 654 externos,
1074 595 1171 668 quos

173 686 409 784 potissimum
438 682 500 753 hic
528 679 785 769 attendimus,
808 697 976 756 tumores
1004 691 1174 788 exempla

176 817 346 901 spectant
365 827 446 900 quae
467 801 649 872 continuo
683 799 1000 892 memorabimus,
1019 804 1173 879 illorum

173 920 236 990 alii
251 933 315 990 aut
327 943 369 990 ea
380 915 640 1003 continebant,
650 940 732 1012 quae
743 916 936 988 evidenter
944 935 1174 1018 suntpraeter

174 1053 366 1122 naturam,
383 1049 446 1105 aut
461 1059 503 1104 ea
527 1048 684 1131 propter
712 1058 794 1130 quae
814 1033 861 1106 ab
881 1059 1054 1108 sanarum
1074 1040 1175 1138 glan·

174 1153 347 1226 dularum
362 1152 474 1227 modo
490 1152 570 1240 vix,
589 1175 631 1222 ac
649 1173 697 1223 ne
714 1153 774 1221 vix
791 1153 943 1250 quidem
956 1155 1174 1229 viderentur

173 1253 404 1370 discrepare,
435 1272 506 1342 nisi
535 1269 588 1340 ibi
610 1285 854 1340 occurrerent
881 1269 948 1342 ubi
964 1271 1176 1348 manifestas

175 1389 369 1488 glandulas
391 1388 609 1484 conspicere
636 1411 714 1456 non
732 1387 906 1460 solemus.
931 1389 987 1461 Ad
1009 1392 1175 1488 primum

173 1507 311 1580 horum
330 1529 528 1604 generum,
553 1518 687 1602 prater
712 1499 890 1602 easquas
910 1507 1026 1578 modo
1047 1525 1175 1608 protu-

172 1625 299 1710 limus,
323 1623 486 1695 historiae
510 1622 701 1719 pertinent
722 1647 801 1692 non
827 1646 952 1719 paucae
982 1627 1022 1696 in
1043 1630 1173 1726 Sepul-

174 1742 306 1816 chreto
322 1741 379 1838 (1)
392 1740 545 1828 relatae,¹
564 1753 623 1827 ut,
641 1763 727 1810 cum
751 1755 944 1813 strumosae
966 1743 1172 1840 glandulae,

172 1861 297 1934 multae
314 1857 538 1964 prasertim,
573 1871 636 1928 aut
666 1881 827 1955 magna,
847 1859 1006 1931 exterius
1038 1879 1172 1960 protu.
1287 1933 1295 1936 ,

172 1976 371 2050 berarent:
392 1975 516 2046 multae
543 1999 697 2072 quoque
724 1975 882 2048 interius
914 1976 1174 2076 deprebende-
1210 2003 1212 2011 ’

173 2110 305 2167 rentur
329 2093 533 2166 insidentes
552 2117 629 2162 non
649 2095 874 2166 mesenterio
894 2095 1035 2184 solum,
1056 2096 1121 2168 sed
1137 2113 1175 2169 et

174 2228 347 2300 omento,
364 2210 792 2301 stomacho,intestinis,
816 2215 1026 2310 pancreati,
1046 2215 1174 2286 vesicae

171 2331 372 2418 urinariae,
413 2327 683 2427 pulmonibuS,
718 2353 762 2424 ea
800 2331 957 2400 Fontaui
998 2313 1174 2403 observa-

171 2450 276 2520 tione
291 2447 366 2546 ‡2);
382 2471 426 2516 ex
437 2445 594 2516 Henrnii
605 2445 659 2541 (3)
671 2460 813 2533 autem,
826 2447 935 2517 etiam
950 2449 1174 2544 peritonae0,

171 2563 320 2663 hepati,
355 2563 464 2652 lieni,
495 2561 673 2652 renibus,
706 2565 803 2634 uteri
833 2565 1064 2660 ligamentis,
1099 2566 1175 2662 dia⁴

171 2680 402 2778 phragmati,
417 2680 657 2768 mediastino,
673 2681 821 2778 ipsique
831 2683 975 2752 cerebri
990 2681 1092 2752 durae
1103 2709 1175 2755 me·

172 2798 297 2894 ningi'
308 2795 416 2868 Mitto
444 2812 613 2884 cateias,
640 2823 732 2895 quas
750 2798 954 2896 descriptas
972 2798 1025 2869 ibi
1045 2801 1172 2872 videre

137 2903 141 2908 ⁵
171 2895 313 3012 poteris
324 2913 519 3012 glandulas
530 2915 655 2986 minus
670 2911 835 3002 diffusas,
847 2915 912 2988 sed
925 2939 1056 2988 omnes
1072 2933 1170 2989 stru·

170 3057 314 3122 mosas,
329 3047 366 3105 et
383 3031 563 3129 quasdam
576 3057 733 3129 gypsea,
747 3033 917 3130 pultacea
927 3087 937 3121 ,
949 3033 1170 3131 purulenta,

172 3173 315 3240 serosa,
339 3149 438 3238 alba,
455 3149 550 3220 flava
569 3151 813 3222 continentes.
826 3148 978 3252 Quibus¹
992 3165 1028 3222 et
1048 3152 1173 3224 tuber·

173 3269 256 3340 cula
274 3269 412 3341 addere
428 3283 536 3366 potes
554 3267 617 3338 illa
635 3267 818 3364 plurima,
839 3292 920 3366 quae
936 3269 1101 3342 Laubius
1115 3269 1169 3366 (4)

171 3387 212 3456 in
232 3386 477 3484 pulmonibus
490 3385 582 3456 vidit
594 3387 755 3456 materiae
773 3384 932 3459 sebaceae
947 3387 1074 3484 plena,
1091 3386 1172 3481 ejus

951 4087 1028 4174 41⁸
