2858 4658
144 469 212 518 Lm.
230 471 282 517 lv.
297 471 345 517 DE
361 466 497 516 nonus
509 465 707 529 omnlino„
725 456 794 513 OlC.
806 465 918 514 EPIST.
934 467 1005 513 LVI.
1058 435 1104 537 73

162 701 401 836 nrisrom
424 746 923 840 ostroaldo-nomon
947 761 1038 836 nvi.

104 941 224 1009 Sermo
249 939 416 1010 habetur
438 937 485 1010 de
513 913 663 1025 ossium?
688 941 901 1024 Fracturis,
929 939 1110 1006 Luacatio-

180 1056 314 1144 nibus,
333 1055 491 1156 calicique
503 1059 604 1130 attus
618 1059 738 1127 motui·
755 1055 1014 1150 officientibus.

104 1199 224 1340 Ersr
247 1272 468 1369 propositos
484 1269 640 1344 morbos
657 1268 947 1367 Sepulchretum
970 1266 1110 1338 divisos

108 1386 260 1462 exhibet
279 1389 319 1462 in
339 1389 529 1485 proximas
552 1389 736 1461 sectiones
758 1386 850 1458 duas
871 1391 904 1458 V
919 1401 956 1459 et
966 1390 1038 1473 VI,
1053 1385 1111 1456 hae

105 1515 227 1579 tamen
245 1521 333 1580 sunt
347 1493 481 1580 breves
496 1503 608 1594 adeo,
626 1523 669 1574 ut
681 1503 963 1577 observationes
977 1504 1112 1574 utrius-

106 1644 196 1715 que,
221 1637 260 1696 et
280 1621 424 1696 scholia
442 1623 616 1696 universa
641 1619 739 1692 foliis
758 1619 910 1694 duobus
935 1643 1109 1716 compre-

108 1734 345 1814 hendantur:
378 1764 503 1841 neque
534 1737 613 1812 haee
638 1738 861 1834 implerent,
893 1737 965 1808 nisi
986 1737 1111 1834 aliqua

107 1853 177 1950 jam
204 1881 318 1955 supra
337 1858 461 1954 posita
481 1871 770 1953 repeterentur-3
804 1854 910 1952 quod
937 1854 997 1924 vel
1028 1856 1112 1952 ipso

109 1971 211 2046 initio
231 1975 409 2048 sectionis
426 1979 458 2047 V
479 1972 619 2048 factum
636 1972 917 2070 deprehendes,
940 1972 970 2042 si
986 1970 1113 2042 obser·

110 2092 265 2166 rationis
282 2097 299 2163 Ι
319 2094 345 2184 S
362 2117 375 2162 1
394 2145 404 2180 ,
428 2093 537 2188 eique
552 2090 720 2186 subjecta
741 2090 819 2160 duo
838 2091 959 2186 prima
978 2088 1113 2162 scholii

109 2209 224 2304 capita
241 2233 330 2283 cum
349 2213 385 2284 ΙΙ
403 2209 581 2282 sectionis
599 2208 863 2280 observatione
884 2211 965 2290 XV,
982 2209 1008 2300 S
1025 2207 1111 2304 qui-

113 2323 194 2400 dem
209 2326 230 2402 3
246 2342 282 2400 et
299 2331 471 2425 apposito
484 2325 531 2398 ad
545 2325 649 2396 hunc
663 2325 809 2397 scholio
824 2325 1110 2423 comparaveris.

113 2442 225 2516 Nobis
233 2469 323 2516 vero
337 2446 404 2542 qui
419 2445 466 2520 de
475 2443 696 2516 vulneribus
713 2442 926 2541 ictibusque
939 2457 1112 2541 agentes,

114 2581 205 2658 saepe
233 2585 318 2635 ossa
348 2559 465 2638 fracta
494 2562 811 2649 memoravimus,
841 2563 967 2659 potius
997 2583 1112 2656 quam

115 2677 238 2752 eadem
255 2678 319 2756 hie
331 2681 487 2768 iterare,
506 2680 629 2777 placet
653 2677 842 2775 quidquid
860 2679 900 2748 in
915 2677 1113 2764 Valsalvae,

117 2809 176 2869 aut
198 2798 337 2870 nostris
350 2797 501 2872 schedis
519 2810 688 2894 superest
708 2794 812 2892 qnod
830 2793 876 2868 ad
897 2793 1115 2892 propositos

117 2913 264 2988 attineat
295 2913 473 3000 morboS,
505 2913 565 2986 his
598 2914 684 2986 unis
720 2913 853 2986 litteris
894 2911 1116 3010 complecti,

122 3029 223 3104 initio
253 3031 367 3106 ducto
390 3031 438 3104 ab
474 3056 520 3104 eo
543 3055 624 3104 osse
658 3032 756 3104 circa
790 3029 895 3127 quod
927 3031 1117 3128 praecipue

119 3163 245 3221 nostrae
269 3165 359 3225 sunt
385 3149 669 3222 observationes
696 3163 867 3236 versatae,
900 3172 988 3220 cum
1019 3145 1116 3218 frac-

118 3276 214 3354 tum,
234 3292 282 3340 an
300 3268 469 3342 luxatum
495 3282 611 3355 esset,
627 3267 917 3362 inquireremus.
940 3268 1031 3356 Quae
1056 3286 1119 3336 res

121 3396 237 3478 coget,
255 3398 299 3457 ut
313 3385 531 3482 'promiscue
555 3382 601 3454 de
627 3397 790 3479 utroque
817 3380 942 3454 morbi
964 3403 1118 3478 genere,

119 3517 188 3570 non
210 3504 409 3600 separatim
427 3499 544 3574 verba
566 3498 760 3602 faciamps.

163 3621 351 3698 attereres
365 3634 408 3694 ut
421 3633 642 3692 caeterorum
655 3619 815 3702 ossium,
835 3617 885 3690 ita
899 3615 1009 3686 etiam
1026 3614 1121 3686 ossis

120 3726 259 3808 femoris
285 3752 396 3836 caput
421 3762 441 3810 e
471 3760 536 3809 sua
558 3736 645 3818 sede
674 3734 845 3808 excidere
868 3758 947 3806 non
970 3730 1119 3802 dubita·
1184 3719 1190 3730 ’

121 3848 220 3943 bant,
240 3879 362 3952 eoque
378 3855 503 3926 minus
524 3851 630 3949 quod
654 3853 722 3924 etsi
739 3849 931 3926 difficilem
951 3847 1119 3946 prolapsi

115 3973 395 4074 repositionem,
415 3967 668 4048 difficiliorem
699 3983 824 4042 autem
849 3964 1010 4068 repositi
1030 3986 1117 4068 con·
