2858 4658
163 457 174 470 ’
228 502 296 548 nm.
312 499 362 548 u.
378 499 426 548 ms
438 495 575 548 nonnis
586 495 765 550 cassano.
776 530 786 564 ,
799 488 869 549 etc.
880 497 994 549 amas.
1008 500 1063 548 nv.
1119 495 1160 548 ιι

157 617 268 688 ximse
287 615 377 688 huie
395 616 543 714 regioni
551 615 757 704 acciderat,
776 614 823 688 de
844 614 1033 712 ejusmodi
1053 615 1165 690 velle-

158 733 267 809 ribus
285 735 464 832 loqnens,
485 735 661 808 narrabat
682 733 950 832 Virgilius(1),

286 958 294 973 .
319 958 327 972 .
351 959 359 972 .
380 957 387 972 .
408 887 513 973 abibas
525 918 554 972 si
569 919 633 994 quis
649 926 781 972 tentarat
791 916 915 971 amictas
920 935 934 984 ,·

283 1018 427 1073 Ardeates
436 1019 577 1092 papula,
589 1027 678 1092 atque
692 1017 854 1073 immundus
864 1015 975 1072 olentia
985 1017 1076 1072 sudor

285 1117 423 1174 Membra
440 1119 622 1194 sequebatur.

162 1276 236 1350 Sed
252 1301 332 1348 non
359 1273 429 1350 {uit
446 1277 510 1350 illa
528 1279 683 1378 proprie
703 1275 846 1352 scabies
861 1305 871 1368 ;
901 1276 1030 1352 fateor.
1058 1283 1169 1352 Cute-

161 1421 234 1470 nea
253 1413 382 1472 tamen
407 1414 487 1472 erat
513 1396 676 1472 infectio.
705 1403 789 1492 Quo
816 1415 943 1474 autem
965 1400 1081 1474 modo
1107 1401 1171 1482 illa

162 1518 379 1616 gravissima
401 1515 775 1613 communicabatur}
804 1543 871 1590 cur
890 1543 969 1592 nan
994 1533 1031 1591 et
1051 1516 1171 1594 levior

162 1637 304 1734 possit?
330 1633 431 1726 Quin
450 1636 496 1708 cl.
514 1633 743 1709 Werlhofius
765 1635 837 1733 (a),
862 1637 974 1710 variis
996 1622 1184 1710 observa)

161 1753 334 1828 tionibus
353 1754 558 1844 adductus,
583 1781 622 1828 se
649 1754 813 1830 libenter
829 1755 1061 1828 crediturum
1080 1756 1173 1828 scri-

163 1865 237 1961 bit,
263 1874 427 1944 scabiem
454 1872 815 1956 bamanavaeram
838 1899 887 1946 ex
912 1873 1004 1946 lana
1030 1878 1171 1962 oviam,

163 1990 303 2088 quibus
315 2017 456 2090 parum
472 1990 641 2064 absimile
652 1991 797 2064 malam
804 2017 882 2090 per
889 2005 1060 2090 pasturae
1076 1997 1174 2064 vitia

166 2107 286 2181 ubivis
301 2109 650 2208 frequentissimam
678 2125 755 2198 est,
769 2115 959 2208 primario
980 2111 1155 2182 subnasci
1159 2137 1173 2199 ,·
1214 2175 1216 2184 ,

166 2249 255 2314 ¹cum
269 2227 372 2298 enim
395 2225 512 2299 laneis
534 2227 767 2301 indumentis
788 2225 864 2302 fere
882 2251 1033 2315 omnes,
1049 2241 1087 2299 et
1107 2226 1175 2300 diu

164 2359 341 2434 utamur3
349 2345 492 2436 forsan
518 2350 588 2418 via
605 2371 737 2444 pauca
765 2371 843 2418 esse
865 2345 998 2443 quibas
1022 2369 1100 2416 non
1124 2346 1175 2420 ab

164 2462 434 2559 impurioribus
451 2463 597 2550 ovibus,
615 2479 685 2536 aut
709 2464 920 2561 imperfecte
942 2469 1085 2534 sanatis
1106 2463 1175 2534 ati-

164 2577 261 2675 qaid
278 2583 475 2650 immistam
492 2584 557 2650 sit:
577 2594 613 2650 et
628 2581 811 2671 fortassis
829 2582 981 2678 opifices
1003 2580 1175 2677 lanificiis

167 2710 373 2794 occupatos
385 2695 471 2767 ideo
493 2702 658 2768 maxime
675 2697 732 2768 bis
751 2696 860 2768 mata
875 2697 1062 2768 laborare.
1093 2701 1175 2768 Ett-

166 2811 370 2900 mullerus,
388 2829 514 2886 autem
531 2811 631 2886 filius
646 2805 888 2913 Programma
901 2811 1068 2886 ediderat
1086 2815 1176 2912 Lip-

168 2929 228 3000 siae
248 2953 351 3001 anno
375 2931 461 3032 ¹73¹
483 2931 532 3004 da
548 2933 672 3005 scabie
689 2934 842 3030 tp'usque
861 2945 948 3004 arta
961 2932 1012 3004 ab
1025 2937 1176 3030 imPara

169 3045 262 3118 lana
285 3045 368 3144 (3),
402 3074 479 3150 quo
507 3050 639 3122 eadem
667 3049 879 3149 scripsisse,
908 3051 1064 3148 opinor,
1093 3075 1176 3148 quse

169 3188 270 3236 anno
298 3164 433 3239 eodem
462 3191 576 3266 supra
604 3166 739 3240 eodem
775 3182 1001 3266 argumento
1019 3155 1178 3240 ”edenda

168 3281 270 3354 misit
281 3280 329 3354 ad
348 3287 550 3358 Caesaream
569 3288 650 3358 Nat.
673 3287 817 3358 Curios.
843 3283 1082 3358 Academiam
1097 3284 1176 3383 (d),

209 3563 254 3647 (1)
274 3570 385 3646 Georg.
398 3571 421 3626 l.
433 3572 467 3647 3,
481 3570 513 3625 in
525 3568 595 3626 fine.

207 3665 252 3743 (a)
272 3667 403 3744 Disquis.
419 3670 456 3726 de
467 3669 573 3726 variol.
587 3690 614 3727 c.
628 3677 661 3740 4,
675 3672 777 3728 adnot.
790 3666 825 3727 51
841 3669 873 3728 in
884 3669 953 3726 fine.

209 3763 252 3845 (3)
274 3768 365 3842 Apud
377 3769 488 3826 Haller.
503 3771 536 3826 in
550 3789 658 3827 access.
673 3768 712 3827 ad
734 3791 765 3846 p.
779 3790 817 3846 9,
838 3771 981 3828 methodo
1001 3771 1080 3826 stud.
1096 3769 1174 3826 med.

166 3865 273 3922 Boerb.
289 3867 350 3923 imo
365 3887 444 3927 nuno
464 3871 503 3926 ab
517 3871 585 3928 eod.
604 3867 729 3927 exhibit.
749 3870 829 3928 inter
846 3871 960 3946 disput.
981 3871 1020 3927 ad
1038 3870 1174 3926 morbos.

166 3964 234 4022 bist.
248 3969 303 4024 sub
316 3987 346 4022 n.
358 3969 491 4026 CXCIII.

208 4065 252 4143 (is)
271 4069 337 4124 Aet.
354 4077 427 4124 tom.
443 4069 475 4142 3,
492 4069 556 4126 obs.
571 4067 619 4126 50.

508 4199 510 4203 ’
610 4177 629 4222 l
