2858 4658
189 435 262 484 um.
277 431 329 482 ιν.
346 432 393 480 us
404 422 541 486 nosris
553 427 751 492 curense„
765 417 834 482 etc.
849 429 961 481 errsr.
978 430 1034 480 iv.
1084 414 1131 512 ²¹7

125 548 250 622 ncilla
264 548 435 629 omittam
448 541 651 642 quemdum
668 541 748 612 haec
768 541 917 634 scribo,
933 544 1032 618 iuter
1048 570 1131 620 eos·

125 667 213 743 dem
241 670 453 738 Germanus
473 660 573 734 edita
595 674 708 749 sunt,
735 684 836 732 ame
856 661 946 734 alias
967 661 1035 734 tibi
1050 663 1130 736 lau·

123 785 235 876 dutus
252 781 428 859 medicus
439 785 503 852 Jo.¹
515 783 618 877 Bapt.
637 777 1132 874 Molinarius(r)comme11.

123 904 219 976 dans
236 926 257 977 e
271 905 412 998 operas
426 901 514 996 ipsis
530 899 700 988 coty‘ecta
714 895 889 981 decenn,-
904 903 1131 994 experimen·

121 1027 167 1092 tis
183 1023 285 1096 enim
298 1015 473 1116 pluribus
488 1038 573 1089 cnm
598 1011 796 1084 doctorum
811 1011 1023 1104 hominurn,
1051 1031 1130 1091 tum

21 1209 23 1214 ,
121 1142 233 1224 mets,
251 1135 393 1233 inquit,
407 1131 657 1230 comprobata
672 1144 769 1202 sunt.
792 1131 878 1204 Non
896 1147 952 1206 est
968 1157 1067 1231 opus
1079 1135 1127 1212 dc

121 1255 234 1329 cultis
243 1253 329 1327 aliis
340 1249 561 1324 nationibus
574 1247 718 1336 dicere,
735 1272 823 1321 cum
842 1247 889 1320 de
913 1249 1017 1323 Indis
1036 1253 1126 1350 ipsis

121 1398 167 1448 ex
180 1371 298 1450 docto
315 1367 464 1448 medico
476 1366 593 1463 quiin
601 1364 762 1462 Beugala
775 1389 896 1444 annos
908 1369 1125 1466 complures

121 1505 292 1564 moratus
302 1499 403 1574 erat,
418 1483 589 1563 Meadius
596 1481 654 1579 (a)
671 1484 875 1580 acceperit,
895 1501 1126 1560 constantem

120 1610 417 1682 ibimoremcsse
441 1599 671 1680 medentibus
691 1605 877 1698 imperare
901 1600 1128 1678 diceteticnm

120 1750 227 1798 tuum
248 1729 390 1822 viperee
408 1723 489 1816 ejus
508 1722 668 1814 regionis
684 1714 759 1788 illis
776 1742 871 1815 qnos
887 1717 991 1816 longi
1003 1725 1129 1797 morbi

120 1843 387 1916 extamusent.
408 1836 481 1909 Sed
499 1833 652 1906 barbari
670 1834 743 1924 illi,
762 1859 884 1933 eoque
900 1863 979 1910 nou
1004 1840 1054 1912 ita
1073 1865 1128 1914 so-

121 1959 243 2034 lertes.
266 1955 368 2049 Quid
386 1957 502 2054 igitur
518 1951 565 2027 de
590 1951 740 2024 Meadio
764 1953 848 2050 ipso
861 1951 983 2045 dices,
1009 1983 1147 2054 quem·

120 2101 246 2174 neque
264 2073 441 2161 scientia,
466 2094 592 2167 neque
619 2058 773 2168 peritia,
808 2095 933 2169 neque
959 2073 1126 2169 judicio,

119 2217 245 2290 neque
256 2189 476 2266 auctoritate
494 2187 563 2261 ulli
580 2212 626 2259 ex
641 2189 953 2286 praestantissimis
971 2192 1127 2268 medicis

118 2311 224 2386 facile
247 2307 481 2410 postponas?
514 2309 622 2381 Certe
653 2305 716 2379 ille
749 2305 804 2405 (3)
837 2306 885 2380 de
910 2310 1125 2409 viperarum

116 2432 221 2528 jure,
238 2427 422 2529 gelatina,
446 2423 644 2512 carnibus,
675 2424 750 2498 sale
778 2425 920 2498 volatili
947 2431 1126 2526 praeclare

120 2549 254 2637 sensit,
270 2546 444 2644 nihilque
455 2541 559 2614 aliud
570 2541 818 2638 reprehendit
831 2543 903 2616 nisi
915 2546 1126 2644 Auglorum

120 2666 357 2743 medicorum
388 2661 545 2735 nimiam
576 2659 849 2757 parcimoniam
883 2662 924 2732 in
955 2665 1125 2736 remedio

121 2783 192 2861 hoc
208 2779 492 2882 praescribendo
509 2791 602 2876 apto
619 2792 711 2851 rento
727 2776 782 2847 ud
794 2781 956 2876 optimos
975 2803 1125 2880 scopos,

121 2918 156 2978 ct
172 2902 283 2997 cujus
298 2902 378 2998 ipse
387 2896 591 2996 pulchram
601 2897 813 2993 efficaciam
830 2894 971 2968 viderit
987 2904 1025 2971 in
1041 2903 1127 2976 ote.

121 3025 247 3093 tinans
258 3017 379 3117 lepris.
397 3019 497 3112 Num
512 3013 704 3103 dicemus,
723 3011 928 3089 efficaciam
937 3015 1125 3102 hancnon
1149 3021 1153 3028 ’

122 3139 280 3236 viperis,
304 3134 370 3224 sed
386 3133 553 3206 admistis
571 3131 749 3206 remediis
766 3132 848 3205 aliis
872 3132 1040 3210 tribuere
1058 3137 1126 3212 de-

121 3254 266 3330 buisse?
277 3257 362 3352 Ipse
374 3277 465 3326 vero
482 3249 958 3338 nihiladmiseuerat,viuo
976 3269 1124 3330 tantum

122 3398 210 3446 usus
225 3374 266 3442 iu
285 3395 364 3470 quo
381 3370 480 3444 duos
496 3369 885 3468 tresvediesviperas,¹
896 3371 1048 3445 modico
1059 3376 1126 3450 ad·-

120 3491 217 3588 jecto
228 3491 369 3579 calore,
384 3504 646 3566 maceraverat.
676 3489 1055 3586 Neque‚ut,taudem
1075 3493 1125 3566 ad

154 3773 203 3859 11)
220 3778 353 3854 specim.
368 3777 406 3838 de
418 3743 523 3857 apopl.
535 3795 567 3854 p.
584 3793 619 3852 a,
636 3793 660 3834 s.
674 3781 709 3850 i,
722 3787 753 3832 11.
767 3776 834 3836 180.

163 3880 205 3956 (a)
226 3881 364 3940 Teutam.
383 3897 397 3938 1
407 3917 418 3954 ,
434 3879 513 3968 citex
530 3929 533 3934 .

165 3977 208 4060 ld)
226 3979 307 4046 thid.
