2746 4662
290 400 340 498 94
457 423 503 474 oa
529 421 675 474 surmus
698 423 744 472 ur
768 416 892 472 causis
916 419 1130 506 nonacrim
1241 475 1242 480 η

290 536 445 610 viorem.
472 535 585 629 Quod
604 533 661 606 fac
677 533 867 624 attendas3
885 536 962 632 jam
983 537 1087 608 enim
1110 534 1158 610 ad
1174 561 1218 610 ea
1233 559 1306 610 ac·

292 652 461 726 cedimus
493 676 576 748 qna·
605 650 655 722 ad
689 651 972 726 claudicationis
1004 669 1085 728 tum
1121 651 1306 742 effectus,

292 783 373 840 turn
384 792 512 842 causas
528 766 778 870 pertinebant.
796 769 1001 842 Asinistris
1016 771 1189 860 enim,ut
1201 771 1305 860 dixi,

292 885 429 958 mulier
445 885 733 974 claudicaverat,
750 887 858 986 isque
874 902 1067 988 artnserat
1077 887 1203 988 digitis
1212 913 1308 988 qua·

292 1016 382 1074 tuor
390 1000 561 1091 brevior,
574 1025 688 1100 quam
709 1001 858 1089 dexter,
877 1017 914 1076 et
930 1005 1149 1078 calcaneum
1167 1003 1218 1076 ad
1235 1029 1308 1080 ex·

293 1119 431 1209 teriora
445 1143 671 1195 conversum
695 1118 878 1209 habehat,
906 1145 987 1192 non
1003 1121 1130 1192 minus
1147 1136 1285 1194 tamen

294 1261 409 1335 quarn
427 1236 572 1325 dexter,
588 1238 757 1336 pinguis,
776 1238 854 1310 imo
867 1241 1044 1327 crassior,
1063 1238 1127 1312 sed
1138 1237 1185 1310 ab
1199 1239 1310 1312 oede-

293 1369 404 1426 mate.
433 1353 545 1426 Iliaca
562 1355 677 1452 igitur
709 1379 806 1426 vena
829 1354 981 1428 dextera
1004 1380 1111 1454 aequo
1141 1372 1220 1428 erat
1252 1357 1311 1429 la-

233 1482 235 1487 ’
294 1471 389 1559 tior;
409 1485 446 1542 at
462 1471 625 1560 sinistra,
656 1471 813 1568 ejusque
839 1472 950 1560 rami,
977 1486 1110 1546 tenues
1131 1471 1229 1545 adeo
1265 1489 1308 1546 et

295 1588 499 1688 pallentes,
520 1603 562 1660 ut
591 1613 671 1660 rem
697 1612 892 1686 uunquam
921 1604 1069 1662 antean
1096 1591 1156 1660 nie
1182 1592 1310 1662 visam

296 1708 471 1794 miratus,
489 1731 585 1778 cavae
608 1706 726 1779 imum
757 1719 935 1780 truncum
960 1709 1182 1804 aperuerim.
1215 1699 1309 1799 Quo

295 1824 415 1912 lacto,
433 1824 616 1921 velmagis
630 1824 785 1902 miratus
798 1846 892 1896 snm.
906 1817 1000 1896 Nam
1016 1848 1087 1922 pro
1097 1823 1213 1896 iliaca
1224 1827 1311 1920 ejus

297 1966 401 2014 venae
419 1942 517 2014 ostio
540 1941 677 2020 lineam
695 1941 847 2029 inveni,
863 1941 980 2038 ipsius
1006 1940 1184 2012 coalitum
1204 1941 1310 2012 india

299 2073 464 2148 cantem,
484 2059 617 2158 quain
639 2058 739 2136 linea
755 2057 849 2146 duo,
872 2072 937 2130 aut
958 2058 1029 2130 tria
1050 2082 1166 2156 parva
1193 2073 1309 2132 erant

299 2176 446 2262 oscula,
474 2201 560 2248 cum
585 2175 693 2250 iliaca
708 2199 803 2248 vena
827 2175 1154 2250 communicantia.
1180 2178 1311 2266 Quam

259 2334 263 2342 ι
300 2319 387 2368 cum
406 2291 612 2368 secundum
626 2292 901 2391 longitudinem
911 2290 1145 2380 incidissem,
1165 2307 1204 2364 et
1214 2317 1309 2391 prae·

300 2427 358 2484 ter
367 2408 555 2482 filamenta
563 2409 761 2508 polyposa,
774 2410 978 2508 quemdam
991 2408 1175 2483 fibrarum
1190 2411 1308 2508 quasi

301 2526 519 2601 fasciculum
540 2527 744 2604 introrsum
771 2542 975 2602 exstantem
1001 2527 1312 2625 conspexissem

294 2669 388 2726 mox
399 2643 507 2719 facile
525 2645 772 2722 animadverti
789 2671 892 2720 venae
913 2637 1137 2744 parietes'ab
1156 2671 1240 2716 uno
1259 2647 1309 2717 la·

300 2781 378 2865 tere
400 2765 498 2846 inter
517 2789 555 2839 se
576 2764 774 2852 coaluisse,
812 2767 941 2861 sicque
969 2789 1057 2839 eum
1082 2763 1310 2836 fasciculum

301 2883 471 2970 mentiri,
492 2881 599 2976 cujus
622 2881 785 2979 species,
811 2905 928 2956 rnanu
953 2891 1114 2978 utraque
1146 2882 1312 2980 parietes

302 2999 701 3103 distrahend0,neque
711 3002 811 3100 enirn
827 2997 1057 3098 perdifficilis
1065 3013 1144 3072 erat
1158 3001 1312 3096 sejunc-

301 3121 355 3192 tio
371 3171 381 3206 ,
397 3141 554 3215 prorsus
579 3118 832 3194 evanescebat.
863 3121 957 3198 Tum
980 3138 1071 3190 uero
1095 3117 1310 3190 cruralibus

302 3237 468 3324 arteriis,
501 3249 538 3306 et
558 3235 663 3312 venis
684 3261 706 3313 a
737 3251 868 3308 ventre
894 3229 1015 3332 usque
1045 3233 1097 3305 ad
1122 3233 1310 3334 poplitem

274 3428 275 3431 ,
303 3369 464 3452 utroque
486 3355 526 3430 in
550 3352 692 3425 femore
717 3353 887 3440 detectis,
919 3350 1066 3424 nullum
1094 3353 1135 3422 in
1161 3354 1310 3426 arteriis

303 3470 508 3542 discrimen
526 3496 564 3544 se
586 3471 741 3562 obtulit,
761 3495 857 3544 vena
873 3485 1018 3562 autem,
1037 3469 1193 3542 sinistrae
1208 3485 1308 3542 arte·

305 3589 367 3660 ria
385 3591 504 3678 socia,
518 3591 627 3668 tertia
640 3590 770 3662 saltem
789 3603 893 3688 parte
904 3589 1097 3684 angustior
1115 3589 1307 3685 apparuit,

304 3731 418 3804 quam
434 3709 612 3785 dextera:
631 3723 668 3780 et
688 3710 858 3804 quamvis
878 3705 1140 3804 complicatos,
1160 3719 1198 3775 et
1219 3729 1308 3777 coa-

303 3823 442 3898 lescere
455 3827 678 3922 incipientes
692 3827 852 3922 parietes
870 3849 949 3894 non
958 3822 1133 3911 haberet3
1144 3821 1308 3894 habebat

301 3956 428 4016 tamen
442 3944 541 4044 inter
560 3943 707 4016 tunicas
727 3944 879 4042 nigrum
902 3944 1008 4042 quasi
1027 3941 1250 4040 sanguinein
1270 3951 1307 4010 ct
