2746 4662
311 441 381 532 164
463 469 525 522 ‚nr
551 466 698 516 sarnus
722 467 766 514 aa·
792 465 917 516 causis
943 467 1152 517 nonronun

304 578 423 654 locus.
439 582 539 654 Alias
563 596 688 654 autem
709 579 782 653 illis
802 579 1146 679 clysmatibus-qnae
1175 577 1310 680 proba·

304 697 370 772 bat
391 699 541 786 Caelius,
559 713 623 770 aut
642 698 721 772 aliis
740 697 843 770 aliud
866 698 1078 796 agentibus,
1104 703 1143 771 in
1170 697 1310 798 quibus

276 827 277 830 ’
303 815 490 915 profuisse
513 813 704 886 interdum
742 817 843 900 scio,
876 839 959 911 quae
987 841 1033 888 ex
1055 839 1153 914 aqua
1178 829 1309 913 parata

304 950 411 1004 erant
428 935 467 1002 in
487 957 561 1028 qua
581 955 707 1028 pernoe
726 956 767 1004 os
785 933 979 1004 incoctum
1000 929 1141 1022 fuerat,
1160 933 1222 1004 vel
1237 957 1310 1002 ma·

303 1050 358 1149 gis
371 1074 485 1147 quam
506 1047 677 1122 confecta
705 1074 751 1122 ex
775 1047 974 1122 elaboratis
995 1051 1223 1148 pharmacis,
1246 1073 1309 1120 ne-

302 1167 393 1240 dum
409 1194 454 1240 ex
469 1167 583 1240 rebus
599 1167 731 1244 itidem
748 1167 896 1242 vilibus.
919 1169 1151 1241 Crediderim
1167 1183 1308 1255 autem,

263 1387 268 1398 Ι
300 1283 413 1358 fuisse
432 1285 602 1383 quaedam
618 1311 663 1357 ex
679 1286 723 1357 iis
741 1287 950 1384 composita
968 1312 1050 1384 qum
1066 1287 1171 1358 utilia
1184 1303 1309 1359 essent

300 1404 446 1492 nervis,
461 1420 566 1476 recto
582 1404 763 1476 intestino
786 1404 988 1501 proximis,
1008 1428 1106 1501 quos
1131 1427 1235 1502 pone
1259 1404 1309 1477 is-
1359 1431 1360 1444 ¹

301 1520 429 1594 chium
443 1547 486 1596 os
504 1521 779 1596 descendentes
796 1523 914 1620 aliqui
930 1537 1109 1620 tanquam
1127 1519 1305 1593 ischiadis

299 1638 426 1714 sedem
442 1641 682 1739 spectabant,
695 1641 901 1738 praesertim
917 1665 962 1712 ex
975 1665 1052 1738 quo
1068 1640 1307 1737 Coiterus(1)

298 1759 513 1857 scripserat,
533 1741 696 1858 spatium
714 1759 814 1830 inter
832 1756 1001 1830 infimam
1022 1759 1137 1856 spinae
1158 1757 1305 1831 medul-

298 1873 393 1965 lam,
413 1891 450 1948 et
470 1900 629 1948 crassam
648 1874 762 1972 hujus
782 1877 999 1974 meningem
1016 1899 1086 1973 per
1100 1877 1209 1974 qnod
1227 1901 1307 1948 ner·
1359 1881 1360 1908 ¹

296 1993 335 2064 vi
350 1995 405 2065 illi
421 1994 673 2065 traducuntur
683 2007 700 2080 ‚'
711 2018 749 2064 se
771 1999 808 2064 in
829 1993 1048 2080 arthriticis,
1075 1993 1303 2082 ischiadicis,

298 2125 337 2182 et
339 2111 562 2208 podagricis
573 2110 760 2180 multoties
776 2115 879 2180 tenui
891 2135 994 2200 ser0,
1013 2115 1159 2181 interim
1161 2116 1303 2208 pituita

296 2233 445 2300 viscosa
462 2229 638 2318 refiertmn
656 2225 950 2324 deprehendisse.
971 2230 1112 2318 <Quam
1129 2227 1305 2301 observa·

231 2381 233 2386 ·
297 2345 442 2416 tionem
467 2346 529 2416 vix
547 2344 700 2414 Arnisaei
718 2339 863 2431 verbis,
895 2368 977 2421 eam
1003 2369 1305 2418 commemoran-
1359 2369 1360 2436 l

295 2463 365 2548 tis,
388 2457 501 2534 fuisse
523 2463 563 2531 in
587 2459 877 2559 Sepulcbretum
905 2459 960 2557 (a)
980 2461 1156 2552 relatam,
1177 2467 1302 2534 minus
1359 2475 1360 2564 q

296 2604 394 2677 aegre
415 2577 512 2667 fero,
532 2577 637 2678 quod
662 2577 848 2673 ejusmodi
877 2577 1017 2650 humor
1045 2580 1085 2650 in
1119 2581 1163 2652 iis
1192 2585 1302 2654 etiam

295 2698 507 2795 reperitur,
533 2698 600 2795 qui
628 2720 743 2768 exeo
773 2694 898 2772 morbi
924 2716 1061 2792 genere
1094 2693 1175 2770 non
1198 2699 1302 2773 labo·

296 2829 439 2888 rarunt.
770 2917 774 2924 Ι

343 2932 378 3002 6.
398 2930 512 3032 Quod
531 2929 579 3002 de
599 2928 821 3028 clysteribus
849 2932 998 3020 censui,
1024 2931 1126 3007 idem
1145 2958 1300 3034 quoque

294 3049 341 3121 de
362 3047 538 3122 exhibitis
555 3047 805 3144 purgantibus
817 3034 1066 3146 pharmacis,-
1085 3066 1122 3124 et
1142 3050 1190 3122 de
1214 3077 1298 3126 san·
1359 3069 1360 3138 l

294 3167 417 3265 guinis
432 3164 608 3236 missione
627 3188 819 3258 censeam,
840 3163 991 3238 necesse
1010 3181 1075 3238 est.
1087 3170 1181 3266 Nam
1193 3166 1300 3268 quod
1359 3155 1360 3236 Ῐ

294 3282 343 3354 ad
364 3283 462 3356 hanc
482 3279 634 3350 attinet:
654 3295 696 3350 ut
715 3280 812 3352 nihil
831 3281 878 3353 de
899 3285 1079 3380 opinione
1097 3295 1231 3360 eorum
1252 3287 1301 3359 di·

295 3423 377 3490 cam
394 3399 461 3493 qui
487 3396 692 3506 ischiadem
711 3398 758 3469 ab
774 3399 881 3470 irrito
901 3415 1042 3472 naturae
1065 3417 1205 3476 conatu
1220 3429 1299 3479 esse
1359 3457 1360 3490 3

294 3513 481 3600 credunt,
516 3513 748 3610 superfluum
787 3519 1008 3612 sanguinem
1038 3544 1107 3618 per
1137 3520 1299 3595 haemor·
1359 3527 1360 3582 i

301 3725 1297 3760 ——--·----——---t-.-....-...............
1359 3737 1360 3744 κ

332 3883 376 3966 (ι)
397 3885 471 3944 Obs.
486 3897 565 3942 anat.

331 3999 376 4083 (α)
397 4003 477 4060 sect.
493 3998 549 4062 bac
562 4002 597 4076 8,
615 4001 680 4060 obs.
691 4001 720 4062 6.
