<?xml version="1.0" encoding="UTF-8"?>
<!DOCTYPE html PUBLIC "-//W3C//DTD XHTML 1.0 Transitional//EN"
    "http://www.w3.org/TR/xhtml1/DTD/xhtml1-transitional.dtd">
<html xmlns="http://www.w3.org/1999/xhtml" xml:lang="en" lang="en">
 <head>
  <title>
</title>
<meta http-equiv="Content-Type" content="text/html;charset=utf-8" />
  <meta name='ocr-system' content='tesseract 3.04.00' />
  <meta name='ocr-capabilities' content='ocr_page ocr_carea ocr_par ocr_line ocrx_word'/>
</head>
<body>
  <div class='ocr_page' id='page_1' title='image "./desedibusetcaus02adelgoog_0233.png"; bbox 0 0 2700 4660; ppageno 0'>
   <div class='ocr_carea' id='block_1_1' title="bbox 303 401 1139 492">
    <p class='ocr_par' dir='ltr' id='par_1_1' title="bbox 303 401 1139 492">
     <span class='ocr_line' id='line_1_1' title="bbox 303 401 1139 492; baseline 0 -18"><span class='ocrx_word' id='word_1_1' title='bbox 303 401 374 492; x_wconf 76' lang='lat'><strong>234</strong></span> <span class='ocrx_word' id='word_1_2' title='bbox 464 431 511 478; x_wconf 84' lang='lat' dir='ltr'><strong>nr</strong></span> <span class='ocrx_word' id='word_1_3' title='bbox 537 428 684 480; x_wconf 75' lang='lat' dir='ltr'><strong>senrrus</strong></span> <span class='ocrx_word' id='word_1_4' title='bbox 708 431 753 478; x_wconf 80' lang='lat' dir='ltr'><strong>nr</strong></span> <span class='ocrx_word' id='word_1_5' title='bbox 777 427 902 476; x_wconf 74' lang='lat' dir='ltr'><strong>crusis</strong></span> <span class='ocrx_word' id='word_1_6' title='bbox 927 426 1139 476; x_wconf 79' lang='lat' dir='ltr'><strong>uounouurr</strong></span> 
     </span>
    </p>
   </div>
   <div class='ocr_carea' id='block_1_2' title="bbox 209 541 1333 2409">
    <p class='ocr_par' dir='ltr' id='par_1_2' title="bbox 302 529 1332 1700">
     <span class='ocr_line' id='line_1_2' title="bbox 303 541 1297 641; baseline -0.001 -31"><span class='ocrx_word' id='word_1_7' title='bbox 303 542 409 614; x_wconf 88' lang='lat' dir='ltr'><strong>nasio</strong></span> <span class='ocrx_word' id='word_1_8' title='bbox 424 567 658 629; x_wconf 87' lang='lat' dir='ltr'>successere,</span> <span class='ocrx_word' id='word_1_9' title='bbox 677 558 719 614; x_wconf 91' lang='lat' dir='ltr'><strong>ut</strong></span> <span class='ocrx_word' id='word_1_10' title='bbox 725 547 971 641; x_wconf 83' lang='lat' dir='ltr'><strong>proecipitato</strong></span> <span class='ocrx_word' id='word_1_11' title='bbox 985 541 1075 630; x_wconf 92' lang='lat' dir='ltr'><strong>illo,</strong></span> <span class='ocrx_word' id='word_1_12' title='bbox 1089 565 1170 639; x_wconf 92' lang='lat' dir='ltr'><strong>quo</strong></span> <span class='ocrx_word' id='word_1_13' title='bbox 1179 543 1297 610; x_wconf 86' lang='lat' dir='ltr'><strong>Botto·</strong></span> 
     </span>
     <span class='ocr_line' id='line_1_3' title="bbox 303 655 1300 748; baseline -0.003 -20"><span class='ocrx_word' id='word_1_14' title='bbox 303 655 394 748; x_wconf 84' lang='lat' dir='ltr'><strong>rius,</strong></span> <span class='ocrx_word' id='word_1_15' title='bbox 413 663 690 732; x_wconf 86' lang='lat' dir='ltr'><strong>mercurionon</strong></span> <span class='ocrx_word' id='word_1_16' title='bbox 704 674 923 748; x_wconf 82' lang='lat' dir='ltr'><strong>uterentur,</strong></span> <span class='ocrx_word' id='word_1_17' title='bbox 934 657 1177 730; x_wconf 80' lang='lat' dir='ltr'><strong>sublimatum</strong></span> <span class='ocrx_word' id='word_1_18' title='bbox 1185 657 1300 740; x_wconf 91' lang='lat' dir='ltr'><strong>hunc,</strong></span> 
     </span>
     <span class='ocr_line' id='line_1_4' title="bbox 302 753 1332 873; baseline -0.008 -27"><span class='ocrx_word' id='word_1_19' title='bbox 302 800 381 872; x_wconf 89' lang='lat' dir='ltr'><strong>quo</strong></span> <span class='ocrx_word' id='word_1_20' title='bbox 402 779 570 851; x_wconf 87' lang='lat' dir='ltr'><strong>viventes</strong></span> <span class='ocrx_word' id='word_1_21' title='bbox 597 793 775 865; x_wconf 87' lang='lat' dir='ltr'><strong>utuntur,</strong></span> <span class='ocrx_word' id='word_1_22' title='bbox 791 777 862 849; x_wconf 89' lang='lat' dir='ltr'><strong>rite</strong></span> <span class='ocrx_word' id='word_1_23' title='bbox 885 775 1143 873; x_wconf 84' lang='lat' dir='ltr'><strong>dulcificatum</strong></span> <span class='ocrx_word' id='word_1_24' title='bbox 1158 830 1169 863; x_wconf 94' lang='lat'><strong>,</strong></span> <span class='ocrx_word' id='word_1_25' title='bbox 1185 790 1248 846; x_wconf 82' lang='lat' dir='ltr'><strong>aut</strong></span> <span class='ocrx_word' id='word_1_26' title='bbox 1263 774 1296 844; x_wconf 90' lang='lat' dir='ltr'><strong>in</strong></span> <span class='ocrx_word' id='word_1_27' title='bbox 1331 753 1332 838; x_wconf 61' lang='lat' dir='ltr'><strong>i</strong></span> 
     </span>
     <span class='ocr_line' id='line_1_5' title="bbox 304 893 1296 994; baseline -0.003 -29"><span class='ocrx_word' id='word_1_28' title='bbox 304 918 415 966; x_wconf 89' lang='lat' dir='ltr'><strong>usum</strong></span> <span class='ocrx_word' id='word_1_29' title='bbox 435 896 630 968; x_wconf 85' lang='lat' dir='ltr'><strong>traherent</strong></span> <span class='ocrx_word' id='word_1_30' title='bbox 645 896 737 994; x_wconf 89' lang='lat' dir='ltr'><strong>ipsi,</strong></span> <span class='ocrx_word' id='word_1_31' title='bbox 757 911 822 967; x_wconf 86' lang='lat' dir='ltr'><strong>aut</strong></span> <span class='ocrx_word' id='word_1_32' title='bbox 836 910 937 967; x_wconf 88' lang='lat' dir='ltr'><strong>certe</strong></span> <span class='ocrx_word' id='word_1_33' title='bbox 958 919 1004 966; x_wconf 83' lang='lat' dir='ltr'><strong>ex</strong></span> <span class='ocrx_word' id='word_1_34' title='bbox 1024 893 1201 992; x_wconf 88' lang='lat' dir='ltr'><strong>pluribus</strong></span> <span class='ocrx_word' id='word_1_35' title='bbox 1222 915 1296 992; x_wconf 87' lang='lat' dir='ltr'><strong>per·</strong></span> 
     </span>
     <span class='ocr_line' id='line_1_6' title="bbox 305 1011 1299 1111; baseline -0.004 -29"><span class='ocrx_word' id='word_1_36' title='bbox 305 1011 466 1110; x_wconf 77' lang='lat' dir='ltr'><strong>vulgatis</strong></span> <span class='ocrx_word' id='word_1_37' title='bbox 483 1012 589 1086; x_wconf 88' lang='lat' dir='ltr'><strong>libris</strong></span> <span class='ocrx_word' id='word_1_38' title='bbox 601 1015 689 1086; x_wconf 86' lang='lat' dir='ltr'><strong>satis</strong></span> <span class='ocrx_word' id='word_1_39' title='bbox 711 1037 901 1111; x_wconf 86' lang='lat' dir='ltr'>superque</span> <span class='ocrx_word' id='word_1_40' title='bbox 913 1012 990 1108; x_wconf 82' lang='lat' dir='ltr'><strong>jam</strong></span> <span class='ocrx_word' id='word_1_41' title='bbox 1008 1027 1186 1098; x_wconf 87' lang='lat' dir='ltr'><strong>nossent,</strong></span> <span class='ocrx_word' id='word_1_42' title='bbox 1203 1036 1224 1082; x_wconf 86' lang='lat' dir='ltr'>a</span> <span class='ocrx_word' id='word_1_43' title='bbox 1241 1013 1299 1080; x_wconf 83' lang='lat' dir='ltr'>cla-</span> 
     </span>
     <span class='ocr_line' id='line_1_7' title="bbox 307 1127 1295 1230; baseline -0.004 -32"><span class='ocrx_word' id='word_1_44' title='bbox 307 1127 1295 1230; x_wconf 82' lang='lat' dir='ltr'><strong>rismedicisproponiadsalivationemconcitandam.</strong></span> 
     </span>
     <span class='ocr_line' id='line_1_8' title="bbox 304 1244 1296 1348; baseline -0.004 -30"><span class='ocrx_word' id='word_1_45' title='bbox 304 1248 390 1318; x_wconf 86' lang='lat' dir='ltr'><strong>Vim</strong></span> <span class='ocrx_word' id='word_1_46' title='bbox 409 1263 534 1320; x_wconf 86' lang='lat' dir='ltr'><strong>autem</strong></span> <span class='ocrx_word' id='word_1_47' title='bbox 553 1250 829 1348; x_wconf 85' lang='lat' dir='ltr'><strong>proprietatum</strong></span> <span class='ocrx_word' id='word_1_48' title='bbox 850 1247 1100 1346; x_wconf 83' lang='lat' dir='ltr'><strong>quarumdam</strong></span> <span class='ocrx_word' id='word_1_49' title='bbox 1130 1244 1296 1318; x_wconf 90' lang='lat' dir='ltr'><strong>mercurii</strong></span> 
     </span>
     <span class='ocr_line' id='line_1_9' title="bbox 306 1363 1296 1465; baseline -0.004 -29"><span class='ocrx_word' id='word_1_50' title='bbox 306 1363 486 1438; x_wconf 81' lang='lat' dir='ltr'><strong>adversus</strong></span> <span class='ocrx_word' id='word_1_51' title='bbox 502 1365 601 1440; x_wconf 88' lang='lat' dir='ltr'><strong>hanc</strong></span> <span class='ocrx_word' id='word_1_52' title='bbox 619 1367 720 1438; x_wconf 88' lang='lat' dir='ltr'><strong>luem</strong></span> <span class='ocrx_word' id='word_1_53' title='bbox 739 1391 819 1438; x_wconf 90' lang='lat' dir='ltr'><strong>non</strong></span> <span class='ocrx_word' id='word_1_54' title='bbox 835 1363 1296 1465; x_wconf 84' lang='lat' dir='ltr'><strong>prorsusignoraruntduo</strong></span> 
     </span>
     <span class='ocr_line' id='line_1_10' title="bbox 308 1482 1297 1582; baseline -0.005 -26"><span class='ocrx_word' id='word_1_55' title='bbox 308 1483 439 1558; x_wconf 85' lang='lat' dir='ltr'><strong>saltem</strong></span> <span class='ocrx_word' id='word_1_56' title='bbox 466 1509 512 1556; x_wconf 85' lang='lat' dir='ltr'><strong>ex</strong></span> <span class='ocrx_word' id='word_1_57' title='bbox 542 1487 681 1556; x_wconf 87' lang='lat' dir='ltr'><strong>nostris</strong></span> <span class='ocrx_word' id='word_1_58' title='bbox 699 1482 891 1558; x_wconf 75' lang='lat' dir='ltr'><strong>veteribus</strong></span> <span class='ocrx_word' id='word_1_59' title='bbox 910 1483 1204 1582; x_wconf 69' lang='lat' dir='ltr'><strong>professoribus,</strong></span> <span class='ocrx_word' id='word_1_60' title='bbox 1222 1483 1297 1553; x_wconf 89' lang='lat' dir='ltr'><strong>Hie·</strong></span> 
     </span>
     <span class='ocr_line' id='line_1_11' title="bbox 307 1601 1298 1700; baseline -0.002 -28"><span class='ocrx_word' id='word_1_61' title='bbox 307 1627 489 1700; x_wconf 90' lang='lat' dir='ltr'><strong>ronymus</strong></span> <span class='ocrx_word' id='word_1_62' title='bbox 508 1605 778 1692; x_wconf 67' lang='lat' dir='ltr'><strong>monsterius,</strong></span> <span class='ocrx_word' id='word_1_63' title='bbox 807 1619 844 1676; x_wconf 91' lang='lat' dir='ltr'><strong>et</strong></span> <span class='ocrx_word' id='word_1_64' title='bbox 862 1601 1085 1675; x_wconf 84' lang='lat' dir='ltr'><strong>Benedictus</strong></span> <span class='ocrx_word' id='word_1_65' title='bbox 1101 1604 1298 1684; x_wconf 81' lang='lat' dir='ltr'><strong>Victorius3</strong></span> 
     </span>
    </p>

    <p class='ocr_par' dir='ltr' id='par_1_3' title="bbox 267 1718 1333 2293">
     <span class='ocr_line' id='line_1_12' title="bbox 267 1718 1333 1821; baseline -0.003 -31"><span class='ocrx_word' id='word_1_66' title='bbox 267 1763 271 1772; x_wconf 74' lang='lat'><strong>·</strong></span> <span class='ocrx_word' id='word_1_67' title='bbox 305 1718 410 1791; x_wconf 88' lang='lat' dir='ltr'><strong>hunc</strong></span> <span class='ocrx_word' id='word_1_68' title='bbox 434 1721 556 1808; x_wconf 87' lang='lat' dir='ltr'><strong>enirn,</strong></span> <span class='ocrx_word' id='word_1_69' title='bbox 580 1719 864 1819; x_wconf 88' lang='lat' dir='ltr'><strong>aPapadopolo</strong></span> <span class='ocrx_word' id='word_1_70' title='bbox 881 1722 1191 1821; x_wconf 64' lang='lat' dir='ltr'><strong>praetermissum,</strong></span> <span class='ocrx_word' id='word_1_71' title='bbox 1224 1732 1298 1790; x_wconf 84' lang='lat' dir='ltr'><strong>ante</strong></span> <span class='ocrx_word' id='word_1_72' title='bbox 1332 1761 1333 1764; x_wconf 60' lang='lat'><em>=</em></span> 
     </span>
     <span class='ocr_line' id='line_1_13' title="bbox 306 1836 1333 1920; baseline -0.005 -11"><span class='ocrx_word' id='word_1_73' title='bbox 306 1837 472 1910; x_wconf 89' lang='lat' dir='ltr'><strong>medium</strong></span> <span class='ocrx_word' id='word_1_74' title='bbox 506 1839 683 1912; x_wconf 74' lang='lat' dir='ltr'><strong>saeculum</strong></span> <span class='ocrx_word' id='word_1_75' title='bbox 712 1845 800 1912; x_wconf 83' lang='lat' dir='ltr'><strong>XVI</strong></span> <span class='ocrx_word' id='word_1_76' title='bbox 840 1840 903 1914; x_wconf 88' lang='lat' dir='ltr'><strong>hic</strong></span> <span class='ocrx_word' id='word_1_77' title='bbox 935 1840 1106 1912; x_wconf 86' lang='lat' dir='ltr'><strong>docuisse</strong></span> <span class='ocrx_word' id='word_1_78' title='bbox 1145 1836 1300 1910; x_wconf 87' lang='lat' dir='ltr'><strong>ostendit</strong></span> <span class='ocrx_word' id='word_1_79' title='bbox 1332 1893 1333 1920; x_wconf 45' lang='lat'>3</span> 
     </span>
     <span class='ocr_line' id='line_1_14' title="bbox 303 1957 1297 2054; baseline -0.006 -26"><span class='ocrx_word' id='word_1_80' title='bbox 303 1959 525 2030; x_wconf 88' lang='lat' dir='ltr'><strong>Tomasinus</strong></span> <span class='ocrx_word' id='word_1_81' title='bbox 551 1957 631 2054; x_wconf 63' lang='lat'>(1};</span> <span class='ocrx_word' id='word_1_82' title='bbox 661 1957 767 2030; x_wconf 88' lang='lat' dir='ltr'><strong>illum</strong></span> <span class='ocrx_word' id='word_1_83' title='bbox 785 1983 893 2048; x_wconf 86' lang='lat' dir='ltr'><strong>vero,</strong></span> <span class='ocrx_word' id='word_1_84' title='bbox 921 1958 1101 2030; x_wconf 89' lang='lat' dir='ltr'><strong>omissum</strong></span> <span class='ocrx_word' id='word_1_85' title='bbox 1134 1983 1155 2028; x_wconf 84' lang='lat' dir='ltr'>a</span> <span class='ocrx_word' id='word_1_86' title='bbox 1183 1961 1297 2027; x_wconf 81' lang='lat' dir='ltr'><strong>soma·</strong></span> 
     </span>
     <span class='ocr_line' id='line_1_15' title="bbox 303 2073 1293 2180; baseline -0.007 -32"><span class='ocrx_word' id='word_1_87' title='bbox 303 2074 406 2159; x_wconf 89' lang='lat' dir='ltr'><strong>sino,</strong></span> <span class='ocrx_word' id='word_1_88' title='bbox 436 2077 656 2148; x_wconf 86' lang='lat' dir='ltr'><strong>Patavinurn</strong></span> <span class='ocrx_word' id='word_1_89' title='bbox 680 2074 955 2174; x_wconf 86' lang='lat' dir='ltr'><strong>professorem,</strong></span> <span class='ocrx_word' id='word_1_90' title='bbox 982 2077 1138 2180; x_wconf 72' lang='lat' dir='ltr'><strong>ineunte</strong></span> <span class='ocrx_word' id='word_1_91' title='bbox 1173 2073 1293 2147; x_wconf 87' lang='lat' dir='ltr'><strong>eodem</strong></span> 
     </span>
     <span class='ocr_line' id='line_1_16' title="bbox 307 2189 1295 2293; baseline -0.009 -26"><span class='ocrx_word' id='word_1_92' title='bbox 307 2193 460 2280; x_wconf 81' lang='lat' dir='ltr'><strong>saecu10,</strong></span> <span class='ocrx_word' id='word_1_93' title='bbox 477 2191 590 2266; x_wconf 87' lang='lat' dir='ltr'><strong>fuisse</strong></span> <span class='ocrx_word' id='word_1_94' title='bbox 601 2225 614 2282; x_wconf 66' lang='lat'><strong>,¹</strong></span> <span class='ocrx_word' id='word_1_95' title='bbox 628 2195 766 2292; x_wconf 78' lang='lat' dir='ltr'><strong>probat</strong></span> <span class='ocrx_word' id='word_1_96' title='bbox 779 2191 1117 2293; x_wconf 78' lang='lat' dir='ltr'><strong>Papadopolus(r).</strong></span> <span class='ocrx_word' id='word_1_97' title='bbox 1131 2194 1247 2291; x_wconf 82' lang='lat' dir='ltr'><strong>Igitur</strong></span> <span class='ocrx_word' id='word_1_98' title='bbox 1258 2189 1295 2260; x_wconf 88' lang='lat' dir='ltr'><strong>de</strong></span> 
     </span>
    </p>

    <p class='ocr_par' dir='ltr' id='par_1_4' title="bbox 209 2312 994 2409">
     <span class='ocr_line' id='line_1_17' title="bbox 209 2312 994 2409; baseline -0.001 -27"><span class='ocrx_word' id='word_1_99' title='bbox 209 2387 210 2391; x_wconf 48' lang='lat'><strong>,</strong></span> <span class='ocrx_word' id='word_1_100' title='bbox 304 2327 461 2409; x_wconf 81' lang='lat' dir='ltr'><strong>argento</strong></span> <span class='ocrx_word' id='word_1_101' title='bbox 486 2313 571 2384; x_wconf 88' lang='lat' dir='ltr'><strong>vivo</strong></span> <span class='ocrx_word' id='word_1_102' title='bbox 588 2316 641 2384; x_wconf 88' lang='lat' dir='ltr'><strong>sic</strong></span> <span class='ocrx_word' id='word_1_103' title='bbox 659 2312 994 2409; x_wconf 69' lang='lat' dir='ltr'><strong>Fracastorius(3).⁵</strong></span> 
     </span>
    </p>
   </div>
   <div class='ocr_carea' id='block_1_3' title="bbox 274 2489 1231 2663">
    <p class='ocr_par' dir='ltr' id='par_1_5' title="bbox 274 2489 1334 2738">
     <span class='ocr_line' id='line_1_18' title="bbox 274 2489 1231 2566; baseline -0.002 -20"><span class='ocrx_word' id='word_1_104' title='bbox 274 2548 277 2565; x_wconf 35' lang='lat'><em>4</em></span> <span class='ocrx_word' id='word_1_105' title='bbox 389 2492 532 2566; x_wconf 83' lang='lat' dir='ltr'><strong>Quodque</strong></span> <span class='ocrx_word' id='word_1_106' title='bbox 545 2503 589 2548; x_wconf 82' lang='lat' dir='ltr'><strong>ert</strong></span> <span class='ocrx_word' id='word_1_107' title='bbox 600 2493 775 2548; x_wconf 81' lang='lat' dir='ltr'><strong>condensum</strong></span> <span class='ocrx_word' id='word_1_108' title='bbox 784 2534 795 2562; x_wconf 89' lang='lat'><strong>,</strong></span> <span class='ocrx_word' id='word_1_109' title='bbox 810 2492 944 2548; x_wconf 80' lang='lat' dir='ltr'><strong>humores</strong></span> <span class='ocrx_word' id='word_1_110' title='bbox 955 2491 1099 2559; x_wconf 83' lang='lat' dir='ltr'><strong>dissolvit,</strong></span> <span class='ocrx_word' id='word_1_111' title='bbox 1112 2489 1231 2565; x_wconf 75' lang='lat' dir='ltr'><strong>agitque</strong></span> 
     </span>
     <span class='ocr_line' id='line_1_19' title="bbox 384 2593 585 2663; baseline 0.001 -16"><span class='ocrx_word' id='word_1_112' title='bbox 384 2593 518 2663; x_wconf 83' lang='lat' dir='ltr'><strong>Fortius,</strong></span> <span class='ocrx_word' id='word_1_113' title='bbox 532 2605 585 2648; x_wconf 84' lang='lat' dir='ltr'><strong>etc.</strong></span> 
     </span>
    </p>
   </div>
   <div class='ocr_carea' id='block_1_4' title="bbox 220 2749 1334 3321">
    <p class='ocr_par' dir='ltr' id='par_1_6' title="bbox 220 2741 1334 3178">
     <span class='ocr_line' id='line_1_20' title="bbox 220 2749 1293 2849; baseline -0.012 -22"><span class='ocrx_word' id='word_1_114' title='bbox 220 2753 226 2771; x_wconf 75' lang='lat'>&#39;</span> <span class='ocrx_word' id='word_1_115' title='bbox 303 2753 496 2826; x_wconf 87' lang='lat' dir='ltr'><strong>Victorius</strong></span> <span class='ocrx_word' id='word_1_116' title='bbox 510 2767 634 2824; x_wconf 86' lang='lat' dir='ltr'><strong>autem</strong></span> <span class='ocrx_word' id='word_1_117' title='bbox 651 2752 713 2849; x_wconf 68' lang='lat' dir='ltr'><strong>(A)</strong></span> <span class='ocrx_word' id='word_1_118' title='bbox 731 2753 804 2824; x_wconf 89' lang='lat' dir='ltr'><strong>sic:</strong></span> <span class='ocrx_word' id='word_1_119' title='bbox 824 2756 885 2823; x_wconf 84' lang='lat' dir='ltr'><strong>sur‘</strong></span> <span class='ocrx_word' id='word_1_120' title='bbox 895 2749 1082 2849; x_wconf 60' lang='lat' dir='ltr'><strong>gravitate</strong></span> <span class='ocrx_word' id='word_1_121' title='bbox 1097 2757 1210 2822; x_wconf 85' lang='lat' dir='ltr'><strong>cutim</strong></span> <span class='ocrx_word' id='word_1_122' title='bbox 1223 2770 1293 2820; x_wconf 84' lang='lat' dir='ltr'><strong>uor—</strong></span> 
     </span>
     <span class='ocr_line' id='line_1_21' title="bbox 300 2867 1334 2976; baseline -0.006 -36"><span class='ocrx_word' id='word_1_123' title='bbox 300 2876 407 2976; x_wconf 81' lang='lat' dir='ltr'><strong>poris</strong></span> <span class='ocrx_word' id='word_1_124' title='bbox 417 2886 609 2968; x_wconf 79' lang='lat' dir='ltr'><strong>penetrat,</strong></span> <span class='ocrx_word' id='word_1_125' title='bbox 631 2869 914 2968; x_wconf 85' lang='lat' dir='ltr'><strong>quodammodo</strong></span> <span class='ocrx_word' id='word_1_126' title='bbox 939 2895 965 2940; x_wconf 86' lang='lat' dir='ltr'><strong><em>a</em></strong></span> <span class='ocrx_word' id='word_1_127' title='bbox 993 2867 1120 2940; x_wconf 85' lang='lat' dir='ltr'><strong>calore</strong></span> <span class='ocrx_word' id='word_1_128' title='bbox 1141 2869 1292 2970; x_wconf 73' lang='lat' dir='ltr'><strong>corporis</strong></span> <span class='ocrx_word' id='word_1_129' title='bbox 1333 2885 1334 2968; x_wconf 48' lang='grc' dir='ltr'>ζ</span> 
     </span>
     <span class='ocr_line' id='line_1_22' title="bbox 304 2985 1291 3086; baseline -0.01 -26"><span class='ocrx_word' id='word_1_130' title='bbox 304 3001 519 3060; x_wconf 84' lang='lat' dir='ltr'><strong>actuatum:</strong></span> <span class='ocrx_word' id='word_1_131' title='bbox 540 3003 577 3061; x_wconf 87' lang='lat' dir='ltr'><strong>et</strong></span> <span class='ocrx_word' id='word_1_132' title='bbox 594 3013 684 3060; x_wconf 83' lang='lat' dir='ltr'><strong>mox</strong></span> <span class='ocrx_word' id='word_1_133' title='bbox 697 2985 907 3076; x_wconf 85' lang='lat' dir='ltr'><strong>etiam,ubi</strong></span> <span class='ocrx_word' id='word_1_134' title='bbox 926 3010 1066 3086; x_wconf 92' lang='lat' dir='ltr'><strong>corpus</strong></span> <span class='ocrx_word' id='word_1_135' title='bbox 1076 2985 1206 3075; x_wconf 90' lang='lat' dir='ltr'><strong>subiit,</strong></span> <span class='ocrx_word' id='word_1_136' title='bbox 1219 3005 1291 3082; x_wconf 75' lang='lat' dir='ltr'><strong>gro·</strong></span> 
     </span>
     <span class='ocr_line' id='line_1_23' title="bbox 306 3103 654 3178; baseline -0.011 0"><span class='ocrx_word' id='word_1_137' title='bbox 306 3109 428 3178; x_wconf 80' lang='lat' dir='ltr'><strong>uitatis</strong></span> <span class='ocrx_word' id='word_1_138' title='bbox 445 3107 587 3176; x_wconf 88' lang='lat' dir='ltr'><strong>mentio</strong></span> <span class='ocrx_word' id='word_1_139' title='bbox 602 3103 654 3176; x_wconf 84' lang='lat' dir='ltr'><strong>fit.</strong></span> 
     </span>
    </p>

    <p class='ocr_par' dir='ltr' id='par_1_7' title="bbox 359 3205 1290 3321">
     <span class='ocr_line' id='line_1_24' title="bbox 359 3205 1290 3321; baseline -0.009 -27"><span class='ocrx_word' id='word_1_140' title='bbox 359 3221 412 3294; x_wconf 91' lang='lat'><strong>18.</strong></span> <span class='ocrx_word' id='word_1_141' title='bbox 430 3225 611 3295; x_wconf 84' lang='lat' dir='ltr'><strong>Praetereo</strong></span> <span class='ocrx_word' id='word_1_142' title='bbox 632 3248 714 3321; x_wconf 80' lang='lat' dir='ltr'><strong>quae</strong></span> <span class='ocrx_word' id='word_1_143' title='bbox 735 3237 915 3319; x_wconf 87' lang='lat' dir='ltr'><strong>tanquam</strong></span> <span class='ocrx_word' id='word_1_144' title='bbox 934 3248 979 3294; x_wconf 86' lang='lat' dir='ltr'><strong>ex</strong></span> <span class='ocrx_word' id='word_1_145' title='bbox 996 3219 1095 3310; x_wconf 89' lang='lat' dir='ltr'><strong>aliis,</strong></span> <span class='ocrx_word' id='word_1_146' title='bbox 1113 3205 1160 3294; x_wconf 87' lang='lat' dir='ltr'><strong>de</strong></span> <span class='ocrx_word' id='word_1_147' title='bbox 1176 3221 1290 3290; x_wconf 83' lang='lat' dir='ltr'><strong>tenuis·</strong></span> 
     </span>
    </p>
   </div>
   <div class='ocr_carea' id='block_1_5' title="bbox 304 3335 1292 3438">
    <p class='ocr_par' dir='ltr' id='par_1_8' title="bbox 304 3335 1292 3438">
     <span class='ocr_line' id='line_1_25' title="bbox 304 3335 1292 3438; baseline -0.014 -24"><span class='ocrx_word' id='word_1_148' title='bbox 304 3343 423 3429; x_wconf 68' lang='lat' dir='ltr'><strong>sitdiu,</strong></span> <span class='ocrx_word' id='word_1_149' title='bbox 448 3345 625 3427; x_wconf 82' lang='lat' dir='ltr'><strong>minimis,</strong></span> <span class='ocrx_word' id='word_1_150' title='bbox 657 3346 824 3437; x_wconf 63' lang='lat' dir='ltr'><strong>exiguis,</strong></span> <span class='ocrx_word' id='word_1_151' title='bbox 854 3364 898 3411; x_wconf 87' lang='lat' dir='ltr'><strong>ex</strong></span> <span class='ocrx_word' id='word_1_152' title='bbox 932 3337 1071 3438; x_wconf 88' lang='lat' dir='ltr'><strong>quibus</strong></span> <span class='ocrx_word' id='word_1_153' title='bbox 1099 3335 1292 3412; x_wconf 84' lang='lat' dir='ltr'><strong>mercurius</strong></span> 
     </span>
    </p>
   </div>
   <div class='ocr_carea' id='block_1_6' title="bbox 349 3635 1025 3759">
    <p class='ocr_par' dir='ltr' id='par_1_9' title="bbox 349 3635 1025 3759">
     <span class='ocr_line' id='line_1_26' title="bbox 349 3635 1025 3759; baseline 0.006 -23"><span class='ocrx_word' id='word_1_154' title='bbox 349 3681 359 3759; x_wconf 88' lang='lat'>(</span> <span class='ocrx_word' id='word_1_155' title='bbox 415 3635 524 3757; x_wconf 85' lang='lat' dir='ltr'><strong>Gynin.</strong></span> <span class='ocrx_word' id='word_1_156' title='bbox 540 3685 640 3739; x_wconf 84' lang='lat' dir='ltr'><strong>Patav.</strong></span> <span class='ocrx_word' id='word_1_157' title='bbox 655 3687 676 3739; x_wconf 93' lang='lat' dir='ltr'><strong>l.</strong></span> <span class='ocrx_word' id='word_1_158' title='bbox 692 3685 727 3756; x_wconf 81' lang='lat'><strong>3,</strong></span> <span class='ocrx_word' id='word_1_159' title='bbox 740 3705 766 3742; x_wconf 86' lang='lat' dir='ltr'><strong>u.</strong></span> <span class='ocrx_word' id='word_1_160' title='bbox 778 3685 813 3757; x_wconf 80' lang='lat'><strong>8,</strong></span> <span class='ocrx_word' id='word_1_161' title='bbox 825 3685 863 3741; x_wconf 82' lang='lat' dir='ltr'><strong>ad</strong></span> <span class='ocrx_word' id='word_1_162' title='bbox 875 3701 924 3740; x_wconf 76' lang='lat' dir='ltr'><strong>un.</strong></span> <span class='ocrx_word' id='word_1_163' title='bbox 939 3682 1025 3741; x_wconf 79' lang='lat'><strong>1532.</strong></span> 
     </span>
    </p>
   </div>
   <div class='ocr_carea' id='block_1_7' title="bbox 257 3677 1092 4058">
    <p class='ocr_par' dir='ltr' id='par_1_10' title="bbox 364 3703 376 3738">
     <span class='ocr_line' id='line_1_27' title="bbox 364 3703 376 3738; baseline 0 0"><span class='ocrx_word' id='word_1_164' title='bbox 364 3703 376 3738; x_wconf 84' lang='grc' dir='ltr'>Ι</span> 
     </span>
    </p>

    <p class='ocr_par' dir='ltr' id='par_1_11' title="bbox 257 3677 1092 3872">
     <span class='ocr_line' id='line_1_28' title="bbox 257 3677 1092 3872; baseline 0.006 -35"><span class='ocrx_word' id='word_1_165' title='bbox 257 3863 260 3872; x_wconf 20' lang='grc' dir='ltr'><em>Α</em></span> <span class='ocrx_word' id='word_1_166' title='bbox 346 3677 391 3857; x_wconf 69' lang='lat' dir='ltr'><strong>(ri</strong></span> <span class='ocrx_word' id='word_1_167' title='bbox 410 3783 487 3838; x_wconf 85' lang='lat' dir='ltr'><strong>Hist.</strong></span> <span class='ocrx_word' id='word_1_168' title='bbox 500 3785 607 3858; x_wconf 80' lang='lat' dir='ltr'><strong>Gymn.</strong></span> <span class='ocrx_word' id='word_1_169' title='bbox 619 3786 720 3840; x_wconf 83' lang='lat' dir='ltr'><strong>Patav.</strong></span> <span class='ocrx_word' id='word_1_170' title='bbox 733 3786 755 3840; x_wconf 89' lang='lat' dir='ltr'><strong>l.</strong></span> <span class='ocrx_word' id='word_1_171' title='bbox 770 3785 803 3858; x_wconf 81' lang='lat'><strong>3,</strong></span> <span class='ocrx_word' id='word_1_172' title='bbox 815 3805 839 3843; x_wconf 85' lang='lat' dir='ltr'><strong>s.</strong></span> <span class='ocrx_word' id='word_1_173' title='bbox 853 3803 881 3860; x_wconf 84' lang='lat' dir='ltr'><strong>r,</strong></span> <span class='ocrx_word' id='word_1_174' title='bbox 898 3803 924 3843; x_wconf 92' lang='lat' dir='ltr'><strong>c.</strong></span> <span class='ocrx_word' id='word_1_175' title='bbox 938 3803 986 3854; x_wconf 83' lang='grc' dir='ltr'><strong>ιι,</strong></span> <span class='ocrx_word' id='word_1_176' title='bbox 999 3801 1030 3840; x_wconf 89' lang='lat' dir='ltr'><strong>u.</strong></span> <span class='ocrx_word' id='word_1_177' title='bbox 1044 3779 1092 3842; x_wconf 73' lang='grc'><strong>55.</strong></span> 
     </span>
    </p>

    <p class='ocr_par' dir='ltr' id='par_1_12' title="bbox 345 3875 789 4058">
     <span class='ocr_line' id='line_1_29' title="bbox 345 3875 754 3958; baseline 0 -21"><span class='ocrx_word' id='word_1_178' title='bbox 345 3881 390 3958; x_wconf 71' lang='grc'><strong>[3)</strong></span> <span class='ocrx_word' id='word_1_179' title='bbox 411 3879 527 3957; x_wconf 81' lang='lat' dir='ltr'><strong>Syphil.</strong></span> <span class='ocrx_word' id='word_1_180' title='bbox 542 3884 562 3938; x_wconf 93' lang='lat' dir='ltr'><strong>l.</strong></span> <span class='ocrx_word' id='word_1_181' title='bbox 580 3900 608 3938; x_wconf 83' lang='lat' dir='ltr'><strong>r.</strong></span> <span class='ocrx_word' id='word_1_182' title='bbox 753 3875 754 3883; x_wconf 65' lang='grc'>’</span> 
     </span>
     <span class='ocr_line' id='line_1_30' title="bbox 345 3977 789 4058; baseline 0.014 -22"><span class='ocrx_word' id='word_1_183' title='bbox 345 3977 390 4056; x_wconf 70' lang='lat' dir='ltr'><strong>(t)</strong></span> <span class='ocrx_word' id='word_1_184' title='bbox 408 3981 442 4036; x_wconf 83' lang='lat' dir='ltr'><strong>L.</strong></span> <span class='ocrx_word' id='word_1_185' title='bbox 457 3979 495 4040; x_wconf 84' lang='lat' dir='ltr'><strong>de</strong></span> <span class='ocrx_word' id='word_1_186' title='bbox 510 3981 618 4039; x_wconf 86' lang='lat' dir='ltr'><strong>morbo</strong></span> <span class='ocrx_word' id='word_1_187' title='bbox 630 3983 699 4058; x_wconf 79' lang='lat' dir='ltr'>gall.</span> <span class='ocrx_word' id='word_1_188' title='bbox 716 4001 742 4040; x_wconf 86' lang='lat' dir='ltr'><strong>c.</strong></span> <span class='ocrx_word' id='word_1_189' title='bbox 759 4003 789 4058; x_wconf 76' lang='lat'><strong>7.</strong></span> 
     </span>
    </p>
   </div>
   <div class='ocr_carea' id='block_1_8' title="bbox 0 0 1378 4660">
    <p class='ocr_par' dir='ltr' id='par_1_13' title="bbox 0 0 1378 4660">
     <span class='ocr_line' id='line_1_31' title="bbox 0 0 1378 4660; baseline 0 0"><span class='ocrx_word' id='word_1_190' title='bbox 0 0 1378 4660; x_wconf 95' lang='lat' dir='ltr'><strong> </strong></span> 
     </span>
    </p>
   </div>
  </div>
 </body>
</html>
