2836 4648
163 473 797 532 mnnnnsnnnnnissunin.suren.
816 442 1067 524 enisu-mnu.
1094 452 1168 526 635

39 617 56 661 e
163 588 256 664 hies.
286 587 407 680 Quid,
431 571 470 660 et
489 586 685 686 quomedo
709 590 922 666 contineret
941 603 1097 674 tumor,
1118 591 1175 662 di·

89 797 92 802 Δ
165 731 270 794 cem,
291 731 379 779 cum
400 731 443 788 ea
460 731 613 804 qnaeex
638 707 824 781 viscerum
845 707 1081 811 inspectione
1106 707 1173 789 ad·
1273 695 1276 700 ¹

14 859 55 903 ·..;;
163 839 293 898 notata
311 839 416 912 sunt,
434 824 670 898 indicavero.
763 901 767 906 ,
854 876 857 885 .

214 947 357 1018 Venter
371 943 453 1022 laxa
465 944 643 1018 intestina
655 941 803 1034 habuit,
819 944 908 1016 etin
926 943 986 1020 his
1001 959 1171 1036 rectum,

162 1059 212 1134 ab
233 1041 438 1136 introrsum
460 1059 694 1137 tumentibus
712 1059 1056 1138 hemorrhoidibus
1074 1061 1172 1144 male

161 1175 358 1252 habitum:
388 1179 527 1256 lienem
554 1179 749 1276 aliquanto
767 1176 950 1279 majorem
977 1202 1085 1277 aequo
1102 1205 1110 1250 ι
1130 1180 1170 1252 in

160 1295 308 1396 hepatis
322 1297 485 1372 vesicula
503 1295 619 1370 bilem
639 1295 865 1386 suhflavam,
890 1299 931 1368 in
954 1321 1075 1395 eaque
1098 1297 1172 1372 cal·

160 1413 291 1486 culum
322 1412 476 1513 sphaerae
499 1411 642 1502 forma,
678 1413 938 1513 magnitudine
961 1414 1169 1488 avellanam

35 1579 50 1626 :··.
159 1532 334 1628 quamvis
353 1532 555 1604 maximam
570 1531 834 1622 excedentem,
848 1533 976 1606 'colore
994 1533 1170 1631 nigrum,

159 1649 228 1722 sed
248 1649 504 1724 crassinsculis
526 1650 635 1748 quasi
655 1645 808 1748 punctis
826 1648 990 1724 exterius
1013 1647 1170 1726 distinc-

156 1783 240 1839 tum
260 1793 306 1840 ex
322 1766 411 1840 albo
433 1765 539 1842 flavis
563 1792 753 1866 quorum,
781 1791 902 1842 unum
915 1767 1166 1866 prominebat.

36 1943 43 1952 .
157 1886 342 2020 Intffligis
366 1910 436 1958 cnr
455 1887 651 1960 mulierem
678 1886 832 1959 icterico
853 1911 933 1958 non
959 1871 1076 1956 luisse
1105 1911 1170 1958 00·

158 2003 261 2091 lore,
288 2027 404 2102 supra
432 2003 690 2076 adnotaverim
710 2029 718 2074 :
742 2004 868 2110 itaque
900 2001 1000 2076 hanc
1027 2004 1170 2100 poteris

12 2105 46 2225 ²3
157 2121 206 2192 ad
223 2137 280 2198 tot
302 2122 392 2194 alias
404 2121 543 2195 addere
563 2120 868 2208 observationes,
887 2143 910 2194 a
925 2144 987 2194 me
1004 2119 1094 2192 olim
1111 2117 1177 2216 (tt

40 2301 46 2313 .
158 2237 229 2312 tibi
246 2251 482 2312 memoratas.
501 2243 546 2312 Et
561 2262 610 2312 ne
628 2253 760 2313 caetera
776 2235 823 2310 de
838 2235 914 2311 hoe
927 2236 1075 2314 calculo
1085 2237 1167 2314 ani·

15 2343 43 2445 J.
158 2355 355 2430 madversa
374 2352 582 2446 desideres3
597 2358 650 2430 sic
667 2355 823 2445 habeto,
841 2357 965 2430 statim
978 2370 1093 2453 atque
1111 2377 1169 2426 ex·

2 2531 44 2575 ,Ι
158 2473 366 2561 traximus,
394 2475 588 2572 inaquam
611 2472 855 2552 mediocriter
874 2473 1059 2558 calentem
1083 2495 1168 2546 con

2 2681 6 2695 Ι
30 2576 42 2710 ‘⁶
156 2593 315 2688 jectum,
335 2591 434 2664 illico
457 2589 619 2666 fundum
641 2593 812 2692 petiisse,
839 2590 1005 2688 indeque
1033 2612 1168 2686 recep·

24 2701 28 2712 “
159 2723 262 2796 tum,
286 2723 325 2780 et
343 2733 431 2780 mox
451 2709 588 2782 leniter
614 2735 767 2784 summae
787 2734 894 2809 aquae
925 2707 1166 2807 impositum,
1254 2751 1256 2756 ·

159 2825 285 2898 statim
303 2826 440 2898 iterum
457 2826 681 2901 subsedisse.
717 2832 813 2949 Cum
830 2851 934 2908 ‚vero
959 2825 1167 2924 sepositum

151 2943 387 3042 inspicerem
410 2944 478 3016 illo
509 2946 593 3044 ipso
618 2943 699 3034 die,
725 2960 763 3018 et
787 2968 986 3044 magnaex
1005 2941 1171 3042 partein

160 3061 324 3158 plurima
356 3059 465 3160 nigra
493 3059 613 3137 frusta
637 3085 708 3162 per
744 3087 783 3136 se
816 3061 951 3136 abiisse
980 3059 1174 3148 viderem*

160 3177 239 3252 haee
259 3195 385 3254 autem
405 3235 416 3270 ‚
433 3180 579 3256 nchartae
597 3181 767 3271 inclusa,
789 3177 1078 3279 quadragesimo
1095 3178 1173 3260 eir·-

161 3297 254 3368 eiter
282 3312 368 3394 post
398 3292 641 3387 die,1rursu's
665 3301 706 3372 in
735 3323 872 3372 manns
890 3321 1103 3384 sumerem,
1131 3309 1172 3370 et

161 3412 331 3512 pluraex
349 3415 539 3512 parvuliS,
563 3440 684 3490 unum
710 3431 837 3490 autem
861 3412 1174 3490 omnium-maxi.-

161 3553 269 3602 mum
284 3531 325 3602 in
342 3555 492 3604 summo
513 3558 620 3630 aquae
639 3558 821 3633 ponerem
833 3560 844 3623 ;
857 3533 986 3610 omnia
1002 3531 1172 3629 primum

162 3647 400 3741 inuenerunt,
432 3647 498 3723 sed
530 3675 577 3722 ne
613 3651 840 3748 sesagesima
868 3645 1023 3746 quidem
1045 3643 1172 3748 adhuc

166 3857 1171 3888 naun-mm

200 4015 247 4095 (ι)
267 4018 361 4094 Epist.
378 4020 430 4094 37.
