2836 4648
314 473 388 561 filo
458 473 460 481 '
487 495 534 542 nn
560 491 706 544 sautans
731 493 775 542 rr
800 490 925 544 canus
949 491 1160 544 norronurr

316 625 576 712 continerent,
591 649 612 698 a
628 627 766 698 nostris
784 641 911 700 tamen
921 627 1099 727 intelligis
1118 626 1226 701 fuisse
1240 628 1299 702 dis·

322 757 528 842 crepantes.
561 739 710 816 Verum
733 766 827 842 age,
847 743 895 815 ab
910 743 970 817 his
983 747 1050 844 qui
1068 746 1263 846 singulares
1273 761 1302 820 ct

320 885 415 960 saepe
430 885 510 934 non
527 863 634 959 parsi
645 875 745 950 sunt,
755 860 801 934 ad
812 861 905 934 alios
920 863 1087 959 quisunt
1101 863 1303 960 multiplices

321 991 359 1050 et
375 979 518 1078 exigui,
536 992 600 1052 aut
622 994 725 1072 certe
758 979 919 1065 modici,
950 981 1160 1052 veniamus.
1187 979 1304 1051 Subsis-

319 1111 444 1168 temus
470 1111 595 1168 autem
621 1096 662 1166 in
690 1095 737 1168 iis
773 1095 988 1195 dequibus
1020 1097 1182 1195 epistola
1213 1098 1305 1168 Lrir

318 1233 437 1314 pauca
451 1214 658 1311 attigimus,
675 1215 714 1284 in
733 1236 879 1290 summa
894 1215 976 1286 aliis
986 1214 1136 1314 lingua,
1154 1215 1232 1286 aliis
1243 1228 1306 1286 toto

317 1329 598 1430 propemodum
616 1354 778 1428 corpore
794 1331 1135 1405 succrescentibus.
1234 1347 1238 1353 “

373 1471 427 1520 ιο.
461 1449 714 1547 Lirrguarum,
737 1473 832 1547 quas
855 1446 1053 1544 'februario
1075 1471 1307 1522 menseanno

319 1565 394 1638 boc
429 1563 522 1664 1759
550 1567 589 1638 in
615 1569 812 1664 gymnasio
838 1566 1113 1656 dissecuimus,
1148 1591 1222 1639 una
1249 1577 1309 1637 erat

320 1681 483 1772 tumida,
495 1687 535 1756 in
556 1707 675 1784 eaque
694 1685 793 1756 linea
809 1683 925 1784 quam
943 1685 1162 1758 medianam
1181 1698 1309 1768 vocant,

321 1803 486 1900 primurn
510 1801 675 1900 -quidem
703 1801 750 1874 ab
782 1803 892 1902 apice
912 1801 960 1874 ad
992 1817 1159 1896 tractum
1189 1795 1310 1901 pollicit

324 1921 528 1991 transversi
541 1921 580 1990 in
590 1919 692 1992 'sulci
708 1918 866 1992 modum
885 1913 956 1992 uec
982 1919 1098 2010 levis,
1116 1945 1189 1992 nec
1202 1921 1231 1992 si
1241 1918 1310 1989 binc

324 2051 361 2108 et
386 2034 476 2109 hinc
496 2036 632 2136 linguae
653 2037 767 2112 latera
789 2036 978 2125 traheres,
1004 2035 1191 2128 tollendi,
1215 2034 1309 2112 subsi-

327 2153 462 2242 debat,
492 2154 631 2228 deinde
660 2181 753 2230 vero
784 2157 889 2228 nulla
917 2181 1078 2256 usquam
1109 2153 1309 2257 apparebat,

325 2277 404 2346 imo
422 2265 528 2370 aeque
547 2273 709 2346 mediam
733 2297 775 2348 ac
795 2273 966 2346 laterales
995 2273 1210 2374 superficiei
1231 2271 1308 2344 illius

326 2406 462 2490 partes·
485 2391 723 2492 occupabant
754 2390 975 2481 tubercula,
1001 2392 1150 2466 nullam
1182 2409 1310 2492 prorsus

261 2593 266 2600 ¹
325 2508 373 2581 ad
407 2533 580 2580 normam
606 2508 818 2609 disposita,
856 2508 1014 2582 humilia
1047 2509 1223 2608 quidem,
1259 2501 1309 2578 sed

326 2651 447 2700 crassa
467 2626 788 2725 adscsquilineam
799 2623 1309 2725 usqueunciaeBononiensis,
1378 2673 1379 2694 1

326 2743 419 2817 facie
445 2725 747 2843 inaequali‚'albo
772 2741 921 2834 autem,
947 2761 990 2817 ut
1009 2743 1140 2844 lingua
1169 2743 1309 2841 reliqua,
1378 2723 1379 2736 ἵ

327 2865 466 2934 colore.
495 2862 727 2940 Desinebant
755 2877 877 2964 prope
902 2887 984 2934 eam
1017 2861 1146 2935 sedem
1170 2860 1234 2936 ubi
1253 2879 1311 2931 esse

327 2973 546 3054 debuiss'ent
569 2981 640 3054 illae
663 2981 803 3054 ultimae
832 2981 1036 3054 crassiores
1055 2981 1223 3079 papillae:
1241 2997 1310 3074 qua·

326 3122 413 3170 rum
437 3099 564 3170 locum
589 3099 789 3198 perexilis,
811 3099 876 3172 sed
904 3094 1181 3184 confertissima
1206 3092 1312 3191 imple·
1377 3183 1378 3207 ,

328 3211 422 3288 bant
450 3215 659 3301 tubercula.
693 3204 784 3288 Pos't
811 3215 890 3288 haec
918 3215 1085 3313 denique
1113 3209 1311 3288 succedebat

331 3347 409 3405 tota
432 3331 495 3402 illa
516 3333 622 3406 sedes
655 3336 789 3432 inqua
820 3349 966 3407 exstare
991 3331 1115 3406 solent
1133 3327 1310 3433 glandula,

331 3466 369 3522 at
390 3452 471 3523 sine
499 3449 579 3522 ullo
613 3449 749 3523 harum
776 3450 934 3550 vestigio
953 3449 1066 3549 plana
1090 3451 1265 3534 omnino,
1286 3455 1312 3515 et

332 3566 442 3640 laevis.

384 3709 437 3756 rr.
458 3685 558 3778 Quid
573 3686 841 3783 praecessisset,
865 3684 967 3759 unde
987 3708 1030 3758 ea
1054 3687 1106 3758 sic
1132 3681 1225 3758 facta
1239 3687 1311 3751 esset

332 3803 484 3901 lingua,
508 3818 547 3874 et
572 3802 666 3900 quid
691 3800 844 3878 afferret
869 3801 1122 3892 incommodi,
1138 3803 1229 3874 scire
1249 3815 1310 3868 non

326 3918 452 3992 licuit.
470 3924 609 3993 Contra
625 3945 718 3994 vero
734 3936 772 4024 et
789 3935 875 4020 post
889 3945 973 4019 quae
985 3914 1190 4020 inceperit,
1206 3900 1310 4012 et'quc

330 4035 499 4116 attulerit
519 4062 597 4113 non
621 4037 887 4139 glandularum
907 4037 1150 4142 absumptio,
1175 4033 1235 4110 sed
1255 4050 1310 4101 am·
