2732 4654
285 416 358 492 380
429 437 499 492 -uu
525 439 673 496 sumans
695 443 742 494 nr
766 441 891 494 ctosrs
915 440 1130 494 nonroaon
1248 521 1255 528 ι

284 555 344 627 Sic
366 537 482 628 enims
492 562 530 628 in
535 557 695 650 scamma
709 581 864 655 quoque
873 558 1073 656 veneficiis
1087 559 1260 650 Marma
1266 607 1278 644 ,

282 673 409 744 subito
427 685 566 761 morte,
593 699 681 748 cum
704 679 861 748 Romam
887 690 1060 750 accusata
1080 673 1280 746 adducero-

281 801 362 877 tur,
382 781 574 864 Brundisii
583 798 766 879 extincta,
783 789 1279 892 apudTacitum(1)legitur‚

282 929 468 980 venenum
483 907 586 980 nodo
596 913 753 981 crinium
771 911 848 1005 ejus
862 909 1107 998 ¹occultatum,
1125 931 1196 978 nec
1211 904 1281 978 utta

283 1025 324 1096 in
337 1047 496 1123 corpore
512 1030 620 1122 signa
635 1031 775 1124 stampis
786 1031 898 1098 exitii
914 1041 1173 1126 repertavpsse.
1200 1029 1245 1096 At
1254 1023 1280 1095 si

269 1137 381 1213 dome
406 1143 459 1214 sic
482 1142 679 1244 conjicias:
695 1157 960 1242 argumentum
986 1142 1086 1214 redit
1103 1139 1213 1240 quod
1228 1165 1280 1213 su·

282 1281 351 1356 pra
368 1257 423 1356 (n)
441 1273 573 1364 cqrtra
595 1283 728 1332 eorum
749 1261 969 1360 opinionem
988 1259 1208 1342 ‚adductum
1232 1273 1279 1330 est

283 1375 352 1472 qui
380 1399 424 1448 ea
448 1374 597 1450 lamella
624 1401 816 1452 venenum
842 1375 1043 1456 inclusum„
1060 1373 1178 1452 fuisse
1207 1399 1283 1446 con·

282 1491 505 1583 tenderent,
534 1507 617 1593 quo
649 1493 848 1594 Cleopatra
873 1494 1054 1568 devorato
1077 1517 1115 1570 se
1130 1493 1286 1565 ,interfe-

282 1609 401 1684 sisset.
424 1614 519 1683 Cum
541 1612 641 1684 enim
665 1613 851 1710 unguenti
881 1611 1088 1711 pauxillum
1114 1635 1200 1684 non
1219 1612 1282 1682 toti

280 1729 442 1826 corpori
451 1728 719 1828 perungendo,
744 1729 810 1804 sed
837 1729 948 1802 certis
970 1728 1152 1802 duntaxat
1177 1731 1282 1827 parti·

280 1842 372 1935 hus,
391 1861 434 1920 ut
462 1862 555 1946 puta
581 1845 755 1934 naribnS,
780 1846 937 1944 aliisque
956 1846 1167 1943 ejusmodi,
1202 1845 1281 1920 satis
1364 1881 1365 1930 ;

252 1978 396 2051 ·esset;
413 1961 712 2063 quidrefercbat
740 1963 905 2036 interdiu
927 1961 1065 2062 januas
1089 1963 1279 2052 claudere,
1364 1979 1365 2030 ὲ

280 2096 319 2155 et
340 2079 504 2154 arbitros
525 2105 717 2168 amovere,
736 2096 779 2154 ut
795 2081 834 2153 id
860 2079 999 2154 faceret
1020 2079 1126 2179 quod
1148 2095 1281 2169 noctu,

281 2211 368 2276 oum
386 2199 552 2271 dormire
570 2198 779 2287 videretur,
806 2189 958 2272 nemine
975 2199 1212 2297 suspicante,
1232 2195 1249 2268 f
1264 2235 1280 2250 -
1364 2187 1365 2276 s

280 2339 365 2388 cere
393 2317 601 2418 potuisset?
624 2315 820 2414 Accedunt
841 2330 898 2412 tot
919 2315 1013 2403 alia,
1036 2339 1119 2412 quae
1147 2317 1279 2390 iterare

279 2431 359 2504 non
382 2449 552 2532 oportet,
571 2457 659 2530 cum
684 2433 987 2532 unguentoillo
1000 2434 1179 2522 minime,
1198 2457 1282 2506 cum

277 2551 418 2650 aspidis
439 2567 566 2630 autem
587 2577 719 2626 morsu
737 2553 906 2652 apprime
929 2553 1203 2650 congruentia,
1222 2550 1283 2624 ad·

278 2671 374 2742 moti
391 2670 519 2769 psylli,
535 2670 632 2743 binae
646 2673 686 2742 in
698 2669 867 2742 brachio.
880 2669 1156 2744 animadversor
1165 2694 1282 2768 pune÷

277 2801 390 2878 turae3
410 2803 560 2877 catera,
584 2791 684 2862 inter
701 2813 786 2886 quae
810 2804 898 2862 sunt
925 2789 1150 2888 perantiqua
1170 2789 1282 2860 simu·

277 2903 394 2992 lacra,
410 2906 550 3004 quibus
561 2907 740 2980 nonnihil
752 2907 997 2980 tribuendum
1015 2921 1093 2995 est,
1109 2905 1280 3005 illudque

276 3026 483 3121 praesertim
500 3024 606 3122 quod
630 3023 848 3124 disputandi
873 3023 1280 3115 occasionemattulit,

248 3212 255 3244 Κ
277 3142 408 3239 inquo
421 3144 519 3239 aspis
532 3159 588 3217 est
608 3129 1283 3252 sicbracirio:alligata,utipsavinouli

278 3260 549 3334 constrictione
565 3261 723 3348 irritari,
740 3274 778 3332 et
795 3260 842 3332 ad
861 3258 1119 3348 mordendum
1136 3257 1285 3332 incitari

219 3445 222 3451 .
276 3373 459 3452 videatur.
478 3381 557 3450 Nec
581 3392 616 3450 te
640 3376 733 3450 illud
750 3391 921 3450 moretur
949 3375 1056 3474 quod
1080 3373 1279 3472 objicitur,

233 3503 235 3507 ’
277 3494 388 3590 quasi·
403 3518 517 3566 nemo
528 3492 666 3566 audere
684 3495 867 3593 potuisset
882 3492 1050 3592 aspidem
1066 3492 1223 3566 vinculo
1236 3491 1279 3564 ad
