2836 4648
10 502 13 512 ·
119 486 876 542 mnv.nssnmnmstnnrnsurrs.rrrsr.
893 489 1019 541 nsvin.
1046 467 1120 544 633
1231 471 1235 484 ’

6 631 10 646 ¹
121 609 227 681 culos
244 607 401 680 haberet
419 607 560 694 nodos,
573 604 721 705 hosque
741 593 901 706 insignes
912 631 959 680 eo
976 608 1017 678 in
1036 607 1120 681 ioco

7 729 25 772 ἰ
120 724 188 804 ubi
211 739 379 798 sternum
395 726 569 824 jungitur
587 725 719 812 costis,
743 740 908 824 utroque
927 727 968 795 in
988 725 1122 816 latere,

1 846 26 893 Β·
118 843 189 938 qui
225 840 388 932 discissi,
416 847 479 914 isti
500 848 650 941 puriter
677 848 894 942 sanguinem
922 840 1128 926 stillarunt.

119 959 310 1033 Credibile
322 976 450 1052 ¹autem
470 975 542 1049 est,
571 983 688 1060 pravo
709 961 843 1033 eodem
857 961 1019 1034 humore
1046 987 1125 1062 quo

11 1064 16 1100 '³
117 1077 225 1153 fibrae
244 1103 356 1152 osseae
375 1079 639 1168 emolliuntur,
655 1093 719 1151 aut
730 1070 1018 1169 dissolvuntur,
1040 1103 1124 1153 vas-

27 1240 29 1250 ν
119 1197 207 1270 cula
222 1196 329 1270 erodi
338 1221 420 1295 quae
434 1197 655 1295 sanguinem
674 1189 839 1286 vehunt,
862 1211 899 1270 et
916 1196 991 1272 hoc
1007 1195 1127 1272 effuso

118 1315 329 1388 medullare
341 1316 468 1388 oleum
480 1312 639 1388 reddere
651 1311 1128 1416 sanguinolentum,qualis

27 1445 30 1452 '
119 1448 162 1507 et
185 1434 217 1505 is
245 1431 324 1528 erat
349 1431 491 1505 humor
521 1455 637 1530 quem
664 1432 764 1504 intra
789 1456 872 1505 ossa
902 1431 950 1506 de
988 1433 1128 1532 quibus

23 1569 30 1610 ὲ
119 1551 307 1638 diximus,
326 1550 472 1638 invenit
488 1547 716 1640 Morandus3
742 1551 885 1648 grumis
905 1566 1030 1625 autem
1047 1575 1130 1624 san·
1201 1544 1203 1549 ’

17 1683 31 1701 ’ἢ
121 1665 465 1770 grincis-refertam
476 1665 725 1740 medullamin
735 1667 961 1772 quibusdam
972 1691 1128 1743 suorum

20 1783 31 1848 '1
121 1785 285 1861 offendit
301 1785 542 1885 Ludwigius3
569 1785 636 1883 qui
653 1785 694 1857 in
707 1784 788 1859 aliis
803 1811 937 1859 eorum
952 1791 1024 1860 vix
1041 1811 1129 1860 con-

12 1943 19 1968 ι
118 1903 310 2004 gelatum,
339 1903 407 1974 sed
434 1907 601 1976 maxime
622 1900 773 1974 mollem
799 1917 836 1974 et
852 1905 942 1996 fiere
962 1903 1132 2002 fluidam
1237 1945 1239 1950 v

123 2021 406 2124 deprehendit,
437 2018 515 2092 imo
534 2019 704 2120 fluidam
732 2035 769 2092 et
799 2025 912 2119 quasi
933 2027 1130 2120 aquosam.

23 2163 31 2186 ⁴
124 2140 241 2234 Quod
262 2139 324 2212 hic
345 2163 534 2228 memoro,
558 2155 602 2211 ut
625 2162 714 2211 cum
739 2137 937 2213 medullari
957 2137 1022 2210 illo
1046 2139 1132 2212 oleo

127 2257 318 2347 conferas,
336 2256 441 2356 quod
457 2255 526 2329 tibi
538 2255 627 2330 alias
644 2255 701 2354 (r)
716 2269 737 2328 a*
754 2279 816 2330 me
831 2256 1134 2348 animadversum

1 2389 32 2457 ,μμ
129 2373 312 2475 descripsi
327 2377 427 2448 intra
441 2373 559 2447 virilis
574 2373 674 2454 tibiae
687 2375 909 2466 exostosim,
927 2391 965 2449 et
983 2396 1135 2448 caveam

130 2507 285 2594 quoque
315 2490 484 2589 ejusdem
504 2495 613 2582 ossis,
637 2491 801 2565 exostosi
817 2493 1135 2592 respondentem,

1 2691 4 2702 ¹
21 2623 24 2632 ¹
132 2609 322 2709 liquidum
339 2607 434 2680 adeo
447 2622 483 2679 et
495 2608 677 2698 multum,
691 2610 765 2680 nisi
777 2611 878 2681 enim
895 2608 1057 2682 multum
1070 2609 1136 2696 sit,
1166 2694 1168 2700 ¹

134 2721 270 2825 urgere
287 2742 498 2800 extrorsum
518 2726 701 2800 emollitus
719 2726 861 2800 ossium
879 2726 1037 2799 laminas
1057 2749 1137 2798 non

134 2846 279 2946 potest,
301 2859 346 2916 ut
370 2859 483 2933 tunc,
507 2859 551 2915 et»
572 2843 685 2944 paulo
709 2859 796 2917 ante
827 2845 938 2916 etiam
962 2842 1136 2916 diximus.

2 3003 30 3062 ,ε
135 2966 269 3061 Itaque
287 2963 328 3034 in
355 2961 531 3034 Morandi
559 2961 821 3035 observatione
847 2959 1000 3034 femoris
1022 2984 1065 3034 os
1090 2959 1139 3035 ad

13 3118 31 3172 ,a
132 3071 419 3156 *trochanterem
439 3093 652 3169 externum,
669 3095 707 3153 et
717 3075 843 3152 fibulae
860 3093 1026 3152 extrema
1042 3075 1141 3152 facta

137 3214 246 3271 erant
267 3198 468 3288 crassiora,
493 3213 576 3270 tum
601 3195 768 3269 calvariae
793 3195 1001 3269 crassitudo
1019 3193 1143 3295 duplo

140 3331 220 3388 erat
238 3315 382 3413 major,
398 3339 512 3414 quam
526 3313 734 3388 secundum
746 3323 940 3403 naturam3
958 3316 1144 3412 sanguine

4 3463 26 3534 (ς
138 3447 288 3523 autent,
310 3435 378 3532 qui
387 3447 466 3505 erat
474 3433 574 3504 inter
585 3446 786 3530 utramque
798 3431 880 3530 ejus
894 3430 1060 3504 tabulam
1071 3453 1146 3528 per

141 3575 221 3624 non
247 3547 400 3622 breve·
427 3549 745 3646 compressionem
778 3571 977 3646 expresso,
1007 3567 1147 3644 magna

142 3669 306 3742 tenuitas
340 3680 451 3738 tantte
484 3665 540 3740 illi
570 3666 748 3740 successit
775 3661 1023 3738 crassitudini.
1059 3667 1148 3736 Haec

144 3879 1153 3912 'uu-*mmm

187 4041 231 4124 (ι)
252 4043 346 4119 Epist.
360 4039 412 4117 50,
430 4061 460 4098 n.
474 4040 522 4100 60.
569 3995 571 4000 Ι
