2824 4652
319 424 390 500 568
484 451 531 498 nr
557 448 704 498 seorsus
727 451 771 497 ar
796 449 923 502 crosis
945 453 1154 508 noanouou

315 559 602 660 quatuordecim
618 575 898 646 annostautam
916 567 1058 639 ventris
1077 568 1221 642 molem
1238 593 1318 667 per·

315 680 481 769 tulisset,
500 693 544 750 ut
561 680 660 784 intra
673 693 759 787 octo
774 701 896 760 annos
909 682 1055 778 primos
1070 681 1227 782 pondus
1244 711 1319 760 cor·

314 788 558 898 poris'duplo
577 796 699 892 majus
717 795 764 868 ad
782 796 928 872 lancem
948 815 1063 887 esset,
1083 826 1199 898 quam
1218 819 1319 881 ante·

315 940 430 1014 quam
448 912 605 986 morbus
618 913 818 1012 inciperet,
833 937 976 988 aunum
996 916 1175 1006 videlicet
1196 921 1320 1018 agenti

314 1034 537 1132 vigesimum
556 1031 785 1122 secundum,
814 1031 968 1107 tandem
985 1034 1025 1104 in
1044 1049 1224 1108 ventrem
1242 1061 1319 1136 pro

313 1152 435 1249 lapsa,
454 1150 600 1250 crepitu
617 1147 717 1234 intus
737 1166 917 1249 percepto
930 1151 1037 1248 quasi
1049 1156 1233 1252 ,tympani
1249 1155 1320 1226 dis·

311 1271 415 1367 rupti
434 1269 474 1340 iu
494 1267 817 1364 regione.sinistra
831 1270 1052 1366 epigpstrica
1064 1269 1169 1366 (qpae
1180 1295 1247 1344 res
1261 1327 1272 1354 ,
1288 1286 1320 1344 et

311 1368 468 1464 initium'
480 1386 641 1464 tumoris
655 1409 700 1457 ex
717 1383 832 1460 latere
849 1384 983 1472 eodem
1002 1385 1145 1484 pelvis,
1164 1403 1205 1460 et
1222 1391 1320 1488 signa

231 1589 237 1600 ἱ
313 1491 644 1600 etiamquiedam,
668 1501 853 1596 ejusmodi
884 1501 1077 1602 hydropes
1100 1502 1150 1575 de
1181 1505 1320 1603 quibus

312 1618 376 1694 hic
406 1617 621 1717 loquimur,
647 1620 886 1708 comitantia,
910 1619 958 1692 ad
984 1619 1122 1708 horum
1154 1622 1319 1722 aliquem

310 1737 418 1823 hunc
446 1735 552 1813 tacite
584 1733 826 1810 referendum
847 1759 926 1831 epse
957 1735 1213 1838 indicabant)
1245 1755 1318 1812 tan·

310 1871 388 1930 tam
417 1853 595 1954 limpida,
623 1869 661 1928 et
689 1855 858 1930 inodora
894 1879 998 1954 aquae
1023 1879 1093 1954 per
1121 1857 1318 1930 intervalla

310 1970 479 2074 'mingere
515 1973 662 2070 copiam
696 1973 829 2070 coepit,
864 1987 908 2046 ut
937 1973 1035 2044 intra
1063 1998 1208 2046 novem
1242 1975 1318 2048 dies

310 2087 453 2168 ventris
466 2104 594 2162 tumor
603 2089 810 2178 evanuerit,
826 2111 896 2160 nec
915 2087 1128 2188 longopost
1142 2105 1316 2198 ternpore

310 2210 364 2287 tic
374 2207 682 2306 convaluerimus
693 2229 813 2278 annos
830 2207 908 2302 jam
921 2205 1115 2304 quinque,
1139 2232 1231 2280 cunr
1245 2208 1316 2282 his·

309 2326 407 2403 toria
421 2323 520 2400 edita
540 2337 620 2412 est,
640 2323 855 2422 valetudine
876 2325 963 2396 satis
988 2305 1175 2424 prospera
1194 2341 1315 2398 utere-

307 2459 382 2518 tur.
402 2447 520 2516 Antea
533 2465 629 2514 sero
641 2465 662 2512 a
674 2440 718 2512 ol.
732 2439 946 2539 Christoph.
965 2443 1126 2532 Ernesto
1140 2446 1251 2516 Cono
1266 2444 1314 2538 (r)

310 2561 409 2634 edita
427 2543 639 2632 observatio
658 2555 778 2631 fuerat
803 2572 1003 2646 matronae,
1033 2583 1117 2656 quae
1147 2560 1313 2656 primum

310 2677 501 2779 gravidam
524 2699 666 2784 selesse
691 2673 865 2760 credens,
904 2677 1215 2773 quinquennium
1236 2701 1314 2750 exe·
1398 2701 1399 2716 ³

309 2810 415 2896 gerat
438 2789 758 2892 ventre-tumido,
778 2791 844 2866 sed
871 2789 1140 2896 florido-'faciei
1167 2794 1311 2880 colore,

309 2915 479 3012 appetitu
495 2913 662 3008 integro,
676 2933 811 2983 somno
824 2907 1046 3014 tranquillo,
1064 2911 1310 3008 respiratione

245 3045 260 3077 ³
308 3030 401 3112 satis,
425 3027 560 3118 libera„
583 3025 691 3100 nullo
714 3024 859 3124 pedum
889 3039 1057 3116 tumore,
1094 3025 1208 3106 urina
1226 3049 1310 3111 non

310 3145 527 3238 imminuta3
560 3143 699 3218 deinde
724 3167 814 3232 vero
849 3141 1084 3240 tumentibus
1131 3143 1310 3242 pedibus,

306 3277 438 3336 ventre
469 3276 594 3348 autem
624 3259 934 3348 adeodistento,
964 3275 1006 3332 ut
1022 3284 1120 3358 ¹mon
1148 3262 1309 3351 dicetur,

246 3433 248 3440 ,
307 3407 395 3473 eum
411 3371 560 3478 'septem
580 3379 658 3474 jam
680 3401 801 3496 annps
815 3392 1002 3476 ‚perstaret
1018 3377 1203 3468 morbus,
1233 3383 1310 3478 ipsa

305 3497 509 3600 prolabens
517 3495 592 3588 ,ad
609 3495 775 3584 siliceum
791 3509 948 3596 stratum
962 3497 1179 3594 gravissime
1194 3495 1308 3568 abdo·

304 3643 395 3692 men
411 3614 533 3700 allisit.
556 3616 646 3702 Mox
662 3628 787 3706 autern
803 3611 903 3706 idem
921 3613 1014 3710 ipsi,
1035 3612 1309 3714 quodmirgini,

340 4010 385 4089 (ι)
406 4009 529 4070 Dissert.
544 3983 687 4088 inscripta
697 4024 781 4066 casus
791 4005 964 4085 hydropica
979 4009 1064 4085 lapsu
1076 4020 1194 4068 sancta,

1395 2975 1397 3114 i

1393 3317 1395 3428 i

1392 3655 1393 3745 i

1377 4393 1388 4611 i
