2746 4662
217 462 219 466 ,
267 394 337 468 136
427 419 646 470 narsamaus
671 413 863 470 rar-causas
889 421 1098 470 nonnosum
1141 435 1145 446 ·

234 543 360 632 'pore
397 537 600 606 miraturus
626 531 797 622 fuissem3
835 559 914 606 non
949 539 1036 608 satis
1065 535 1193 608 mirari
1209 559 1287 635 po·
1366 569 1367 576 ι

267 667 388 724 teram
406 655 446 722 in
464 654 544 748 ejus
562 675 722 748 corpore
736 653 802 748 qui
820 653 920 724 inter
938 653 1108 726 assiduos
1127 677 1286 751 graues-

268 796 342 868 que
357 769 510 868 agrestis
523 771 605 840 vitae
624 767 772 840 labores
789 773 1059 842 consenuisset.
1090 775 1285 842 Caeterum

268 903 372 961 aorta
389 887 474 958 duri
488 885 631 983 aliquid
651 885 784 982 habuit
803 911 845 960 ac
863 912 968 960 suam
984 890 1022 958 in
1042 888 1167 960 iliacas
1183 889 1286 960 divi·
1366 979 1367 990 ἵ

127 1063 133 1072 .
200 1083 210 1100 ,
269 1009 434 1092 sionem,
452 1005 618 1100 itemque
640 1003 687 1074 ad
712 1005 850 1076 ostium
878 1005 1132 1077 mesentericae
1166 1029 1287 1103 supe-
1366 991 1367 1014 ¹

267 1123 389 1194 rioris.
431 1120 599 1192 Thorace
634 1136 759 1193 autern
788 1137 939 1220 aperto,
976 1124 1045 1194 etsi
1073 1122 1286 1220 pulmones
1366 1165 1367 1220 3

269 1239 503 1336 ubicumque
516 1239 649 1336 pleura
668 1240 743 1312 sive
766 1255 916 1338 pectus,
935 1241 1012 1311 sive
1035 1239 1173 1327 latera,
1203 1241 1286 1312 sive
1366 1233 1367 1280 t

272 1357 455 1443 dorsum,
474 1358 550 1428 sive
564 1355 809 1454 diaphragma
831 1356 1113 1444 convestiebat,
1133 1381 1221 1437 cum
1231 1381 1288 1428 *ea

269 1490 370 1546 arcte
397 1473 653 1562 cohaererent,
680 1478 759 1546 sani
789 1491 916 1548 tamen
942 1489 1028 1548 sunt
1047 1476 1134 1546 visi:
1157 1497 1288 1572 neque

221 1643 224 1650 ·
270 1593 310 1662 in
336 1593 554 1690 propinquo
582 1590 696 1662 corde
724 1591 805 1662 vitii
829 1591 1035 1708 quidquam
1058 1590 1286 1662 adnotatum
1366 1601 1367 1618 ¹

272 1725 337 1782 est.
354 1710 562 1816 Novissime
580 1732 665 1780 crus
686 1705 882 1780 fractum
873 1709 1029 1807 inspexi.
1057 1713 1144 1780 Non
1163 1724 1285 1786 tume-

270 1826 336 1900 bat
351 1827 568 1925 plurimum.
592 1825 719 1914 Tibia,
735 1841 771 1898 et
783 1825 898 1900 fibula
916 1827 1032 1924 paulo
1056 1851 1168 1924 supra
1195 1851 1287 1900 cum

271 1947 399 2018 locum
408 1944 475 2016 uhi
495 1969 581 2017 cum
600 1943 697 2042 pede
716 1946 1024 2032 committuntur,
1036 1941 1159 2016 tracta
1175 1958 1286 2018 erant

273 2064 407 2153 amhae‘,
427 2061 616 2134 fractura
608 2088 647 2132 ιιι
660 2061 954 2159 longitudinem,
980 2061 1045 2134 scd
1062 2087 1142 2133 non
1158 2079 1281 2150 recta,

273 2196 465 2279 pergente.
501 2179 699 2276 Sanguinis
723 2177 775 2248 ibi
790 2179 942 2274 ,circum
961 2176 1070 2250 effusi
1090 2204 1173 2250 non·
1197 2182 1286 2278 plu·

231 2304 234 2312 ’
275 2301 438 2374 timum:
466 2321 537 2370 nec
560 2295 679 2368 malus
701 2294 824 2368 adhuc
847 2312 926 2368 erat
942 2297 1060 2386 odor,
1077 2313 1143 2368 aut
1162 2298 1284 2370 color.

277 2448 282 2460 ·
323 2416 380 2488 32.
409 2419 515 2487 Hanc
530 2427 654 2484 autem
671 2409 874 2492 fracturam
896 2415 1057 2514 inspexi,
1079 2438 1158 2484 non
1172 2415 1284 2513 quod
1366 2463 1367 2488 ι

272 2536 311 2606 in
328 2533 500 2620 homine,
532 2557 654 2629 eoque
684 2555 772 2604 sene
792 2517 1006 2630 quidquam
1026 2548 1102 2604 tam
1123 2534 1199 2606 cito
1211 2557 1285 2610 zmc

271 2655 439 2726 visurum
455 2676 643 2749 sperarem
662 2649 767 2748 quod
789 2650 836 2721 ad
856 2650 940 2724 calli
958 2646 1284 2751 initiutri'conspi·
1366 2671 1367 2746 j

274 2797 389 2848 cuum
419 2761 615 2858 attineret,
639 2767 705 2840 sed
735 2768 867 2840 utalia
896 2769 1045 2866 potius,
1082 2769 1122 2840 in
1145 2768 1285 2868 hisque

224 2899 225 2904 ’
270 2886 383 2975 illud,
402 2912 450 2958 an
466 2887 498 2960 si
515 2883 768 2982 fragmentum
782 2883 990 2982 quodpiam
1007 2899 1104 2958 esset
1125 2883 1172 2956 ab
1186 2887 1285 2960 ossi-

160 3011 164 3020 '
271 3005 343 3076 hus
368 3003 600 3098 sejunctum,
624 3000 671 3070 wid
691 2993 845 3076 'mucoso
870 3001 1036 3099 quodam
1067 3003 1283 3086 involutum

272 3135 368 3192 esset
391 3118 576 3205 humore,
604 3117 699 3192 sicut
721 3116 760 3188 id
783 3119 961 3192 Valsaivae
988 3119 1137 3192 schedis
1161 3119 1210 3192 ab
1236 3147 1283 3194 eo

269 3241 466 3309 inventum
486 3259 565 3306 esse
594 3235 769 3332 legeram.
801 3241 882 3310 Hoc
909 3260 1065 3336 quoque
1086 3239 1127 3310 in
1160 3239 1282 3336 ipsius

270 3335 434 3452 quadarn
451 3351 609 3451 epistola
630 3351 803 3450 estquod
817 3352 893 3424 huc
910 3369 1076 3452 spectet·
1099 3352 1166 3428 ubi
1183 3353 1282 3430 frac-

217 3490 220 3509 ⁵
269 3483 353 3544 tura
375 3495 461 3542 cum
486 3469 643 3540 vulnere
669 3484 745 3559 est,
779 3473 1000 3568 sanguinem
1022 3469 1178 3545 effluere
1199 3499 1281 3550 esse

267 3587 493 3673 sinendum3
523 3587 575 3660 sic
595 3587 695 3663 enim
723 3601 760 3662 et
785 3613 889 3680 ossa,
913 3604 962 3661 et·
980 3613 1115 3666 carnes.
1133 3587 1281 3669 facilius

262 3709 438 3804 junctum
459 3706 524 3776 iri:
548 3705 675 3802 itaque
697 3706 737 3774 in
763 3729 851 3778 casu
871 3705 943 3777 sibi
961 3707 1158 3804 proposito
1170 3705 1280 3783 fracti

262 3822 434 3912 femoris,
454 3838 490 3896 et
516 3820 638 3910 tibiae,
656 3810 746 3892 ideo.
764 3821 859 3894 illud
882 3823 992 3894 citius
1019 3848 1134 3919 quam
1155 3823 1280 3917 hanc,

264 3939 542 4030 conferbuisse,
561 3937 668 4038 quod
690 3937 788 4036 ithus
806 3936 977 4040 ‚fractura
1004 3965 1090 4016 cum
1117 3942 1277 4020 vulnere
