<?xml version="1.0" encoding="UTF-8"?>
<!DOCTYPE html PUBLIC "-//W3C//DTD XHTML 1.0 Transitional//EN"
    "http://www.w3.org/TR/xhtml1/DTD/xhtml1-transitional.dtd">
<html xmlns="http://www.w3.org/1999/xhtml" xml:lang="en" lang="en">
 <head>
  <title>
</title>
<meta http-equiv="Content-Type" content="text/html;charset=utf-8" />
  <meta name='ocr-system' content='tesseract 3.04.00' />
  <meta name='ocr-capabilities' content='ocr_page ocr_carea ocr_par ocr_line ocrx_word'/>
</head>
<body>
  <div class='ocr_page' id='page_1' title='image "./desedibusetcaus02adelgoog_0459.png"; bbox 0 0 2782 4652; ppageno 0'>
   <div class='ocr_carea' id='block_1_1' title="bbox 294 421 1132 510">
    <p class='ocr_par' dir='ltr' id='par_1_1' title="bbox 294 421 1132 510">
     <span class='ocr_line' id='line_1_1' title="bbox 294 421 1132 510; baseline -0.006 -19"><span class='ocrx_word' id='word_1_1' title='bbox 294 421 366 510; x_wconf 72' lang='lat' dir='ltr'><strong>mo</strong></span> <span class='ocrx_word' id='word_1_2' title='bbox 461 441 506 488; x_wconf 84' lang='lat' dir='ltr'><strong>or</strong></span> <span class='ocrx_word' id='word_1_3' title='bbox 532 437 678 488; x_wconf 72' lang='lat' dir='ltr'><strong>somnos</strong></span> <span class='ocrx_word' id='word_1_4' title='bbox 703 435 896 486; x_wconf 65' lang='lat' dir='ltr'><strong>rar-ctosrs</strong></span> <span class='ocrx_word' id='word_1_5' title='bbox 921 437 1132 489; x_wconf 78' lang='lat' dir='ltr'><strong>srorronorr</strong></span> 
     </span>
    </p>
   </div>
   <div class='ocr_carea' id='block_1_2' title="bbox 186 549 1390 3366">
    <p class='ocr_par' dir='ltr' id='par_1_2' title="bbox 186 549 1390 2297">
     <span class='ocr_line' id='line_1_2' title="bbox 297 549 1303 645; baseline 0.001 -19"><span class='ocrx_word' id='word_1_6' title='bbox 297 556 513 643; x_wconf 81' lang='lat' dir='ltr'><strong>calvariam,</strong></span> <span class='ocrx_word' id='word_1_7' title='bbox 533 554 636 624; x_wconf 77' lang='lat' dir='ltr'><strong>utin</strong></span> <span class='ocrx_word' id='word_1_8' title='bbox 655 551 760 636; x_wconf 84' lang='lat' dir='ltr'><strong>viro,</strong></span> <span class='ocrx_word' id='word_1_9' title='bbox 785 549 973 641; x_wconf 80' lang='lat' dir='ltr'><strong>alterius(</strong></span> <span class='ocrx_word' id='word_1_10' title='bbox 980 550 1034 645; x_wconf 88' lang='lat'><strong>1),</strong></span> <span class='ocrx_word' id='word_1_11' title='bbox 1068 568 1111 624; x_wconf 87' lang='lat' dir='ltr'><strong>ut</strong></span> <span class='ocrx_word' id='word_1_12' title='bbox 1131 554 1172 622; x_wconf 91' lang='lat' dir='ltr'><strong>in</strong></span> <span class='ocrx_word' id='word_1_13' title='bbox 1196 578 1303 642; x_wconf 87' lang='lat' dir='ltr'><strong>sene,</strong></span> 
     </span>
     <span class='ocr_line' id='line_1_3' title="bbox 295 664 1304 764; baseline -0.005 -16"><span class='ocrx_word' id='word_1_14' title='bbox 295 675 392 748; x_wconf 88' lang='lat' dir='ltr'><strong>male</strong></span> <span class='ocrx_word' id='word_1_15' title='bbox 424 669 712 746; x_wconf 77' lang='lat' dir='ltr'><strong>conformatam.</strong></span> <span class='ocrx_word' id='word_1_16' title='bbox 729 664 893 756; x_wconf 81' lang='lat' dir='ltr'><strong>offendi,</strong></span> <span class='ocrx_word' id='word_1_17' title='bbox 927 681 964 739; x_wconf 89' lang='lat' dir='ltr'><strong>et</strong></span> <span class='ocrx_word' id='word_1_18' title='bbox 993 689 1109 764; x_wconf 83' lang='lat' dir='ltr'><strong>quam</strong></span> <span class='ocrx_word' id='word_1_19' title='bbox 1157 684 1304 744; x_wconf 82' lang='lat' dir='ltr'><strong>atroces</strong></span> 
     </span>
     <span class='ocr_line' id='line_1_4' title="bbox 294 785 1303 892; baseline -0.003 -28"><span class='ocrx_word' id='word_1_20' title='bbox 294 792 425 892; x_wconf 88' lang='lat' dir='ltr'><strong>capitis</strong></span> <span class='ocrx_word' id='word_1_21' title='bbox 457 787 609 862; x_wconf 87' lang='lat' dir='ltr'><strong>dolores</strong></span> <span class='ocrx_word' id='word_1_22' title='bbox 643 786 810 884; x_wconf 80' lang='lat' dir='ltr'><strong>primam</strong></span> <span class='ocrx_word' id='word_1_23' title='bbox 845 785 1085 874; x_wconf 75' lang='lat' dir='ltr'><strong>vexaverint,</strong></span> <span class='ocrx_word' id='word_1_24' title='bbox 1118 787 1228 887; x_wconf 85' lang='lat' dir='ltr'><strong>lege,</strong></span> <span class='ocrx_word' id='word_1_25' title='bbox 1258 788 1303 860; x_wconf 89' lang='lat' dir='ltr'><strong>ad</strong></span> 
     </span>
     <span class='ocr_line' id='line_1_5' title="bbox 290 901 1303 1007; baseline -0.003 -25"><span class='ocrx_word' id='word_1_26' title='bbox 290 931 454 1007; x_wconf 87' lang='lat' dir='ltr'><strong>quorum</strong></span> <span class='ocrx_word' id='word_1_27' title='bbox 471 905 756 978; x_wconf 75' lang='lat' dir='ltr'><strong>diuturnitatem</strong></span> <span class='ocrx_word' id='word_1_28' title='bbox 773 915 959 1000; x_wconf 78' lang='lat' dir='ltr'><strong>quantum</strong></span> <span class='ocrx_word' id='word_1_29' title='bbox 975 901 1155 976; x_wconf 79' lang='lat' dir='ltr'><strong>conferat</strong></span> <span class='ocrx_word' id='word_1_30' title='bbox 1168 907 1303 979; x_wconf 87' lang='lat' dir='ltr'><strong>vitiosa</strong></span> 
     </span>
     <span class='ocr_line' id='line_1_6' title="bbox 290 1019 1303 1124; baseline -0.004 -24"><span class='ocrx_word' id='word_1_31' title='bbox 290 1027 423 1124; x_wconf 88' lang='lat' dir='ltr'><strong>capitis</strong></span> <span class='ocrx_word' id='word_1_32' title='bbox 439 1021 579 1122; x_wconf 83' lang='lat' dir='ltr'><strong>figura,</strong></span> <span class='ocrx_word' id='word_1_33' title='bbox 604 1020 651 1094; x_wconf 88' lang='lat' dir='ltr'><strong>de</strong></span> <span class='ocrx_word' id='word_1_34' title='bbox 667 1019 827 1093; x_wconf 88' lang='lat' dir='ltr'><strong>aliorum</strong></span> <span class='ocrx_word' id='word_1_35' title='bbox 854 1043 1014 1116; x_wconf 80' lang='lat' dir='ltr'><strong>quoque</strong></span> <span class='ocrx_word' id='word_1_36' title='bbox 1038 1025 1234 1096; x_wconf 80' lang='lat' dir='ltr'><strong>sententia</strong></span> <span class='ocrx_word' id='word_1_37' title='bbox 1251 1024 1303 1122; x_wconf 72' lang='lat' dir='ltr'><strong>(a)</strong></span> 
     </span>
     <span class='ocr_line' id='line_1_7' title="bbox 287 1135 1302 1242; baseline -0.002 -30"><span class='ocrx_word' id='word_1_38' title='bbox 287 1161 503 1242; x_wconf 79' lang='lat' dir='ltr'><strong>cognosces.</strong></span> <span class='ocrx_word' id='word_1_39' title='bbox 518 1143 599 1213; x_wconf 88' lang='lat' dir='ltr'><strong>Huc</strong></span> <span class='ocrx_word' id='word_1_40' title='bbox 614 1135 709 1212; x_wconf 83' lang='lat' dir='ltr'><strong>adde</strong></span> <span class='ocrx_word' id='word_1_41' title='bbox 724 1136 898 1234; x_wconf 85' lang='lat' dir='ltr'><strong>puellum</strong></span> <span class='ocrx_word' id='word_1_42' title='bbox 914 1135 968 1232; x_wconf 64' lang='grc' dir='ltr'><strong>β)</strong></span> <span class='ocrx_word' id='word_1_43' title='bbox 989 1137 1097 1231; x_wconf 84' lang='lat' dir='ltr'><strong>cujus</strong></span> <span class='ocrx_word' id='word_1_44' title='bbox 1106 1143 1302 1235; x_wconf 74' lang='lat' dir='ltr'><strong>posterior</strong></span> 
     </span>
     <span class='ocr_line' id='line_1_8' title="bbox 287 1253 1302 1359; baseline -0.002 -27"><span class='ocrx_word' id='word_1_45' title='bbox 287 1284 374 1359; x_wconf 89' lang='lat' dir='ltr'><strong>pars</strong></span> <span class='ocrx_word' id='word_1_46' title='bbox 391 1257 539 1332; x_wconf 87' lang='lat' dir='ltr'><strong>cerebri</strong></span> <span class='ocrx_word' id='word_1_47' title='bbox 556 1281 634 1328; x_wconf 91' lang='lat' dir='ltr'><strong>non</strong></span> <span class='ocrx_word' id='word_1_48' title='bbox 652 1255 699 1326; x_wconf 87' lang='lat' dir='ltr'><strong>ad</strong></span> <span class='ocrx_word' id='word_1_49' title='bbox 719 1253 889 1352; x_wconf 77' lang='lat' dir='ltr'><strong>sphaerae,</strong></span> <span class='ocrx_word' id='word_1_50' title='bbox 917 1253 983 1326; x_wconf 83' lang='lat' dir='ltr'><strong>sed</strong></span> <span class='ocrx_word' id='word_1_51' title='bbox 996 1256 1125 1352; x_wconf 85' lang='lat' dir='ltr'><strong>potius</strong></span> <span class='ocrx_word' id='word_1_52' title='bbox 1143 1257 1195 1328; x_wconf 90' lang='lat' dir='ltr'><strong>ad</strong></span> <span class='ocrx_word' id='word_1_53' title='bbox 1213 1258 1302 1330; x_wconf 89' lang='lat' dir='ltr'><strong>cubi</strong></span> 
     </span>
     <span class='ocr_line' id='line_1_9' title="bbox 285 1369 1302 1474; baseline -0.004 -22"><span class='ocrx_word' id='word_1_54' title='bbox 285 1373 525 1474; x_wconf 86' lang='lat' dir='ltr'><strong>superficiem</strong></span> <span class='ocrx_word' id='word_1_55' title='bbox 567 1372 746 1446; x_wconf 76' lang='lat' dir='ltr'><strong>accedere</strong></span> <span class='ocrx_word' id='word_1_56' title='bbox 786 1369 1013 1459; x_wconf 70' lang='lat' dir='ltr'><strong>videbaturi,</strong></span> <span class='ocrx_word' id='word_1_57' title='bbox 1039 1413 1043 1421; x_wconf 90' lang='lat'>·</span> <span class='ocrx_word' id='word_1_58' title='bbox 1065 1376 1302 1448; x_wconf 78' lang='lat' dir='ltr'><strong>convulsivis</strong></span> 
     </span>
     <span class='ocr_line' id='line_1_10' title="bbox 186 1485 1300 1589; baseline 0 -25"><span class='ocrx_word' id='word_1_59' title='bbox 186 1499 193 1510; x_wconf 90' lang='lat'>&#39;</span> <span class='ocrx_word' id='word_1_60' title='bbox 286 1492 452 1569; x_wconf 84' lang='lat' dir='ltr'><strong>motibus</strong></span> <span class='ocrx_word' id='word_1_61' title='bbox 469 1504 726 1589; x_wconf 85' lang='lat' dir='ltr'><strong>peremptum,</strong></span> <span class='ocrx_word' id='word_1_62' title='bbox 756 1499 793 1576; x_wconf 84' lang='lat' dir='ltr'><strong>et</strong></span> <span class='ocrx_word' id='word_1_63' title='bbox 808 1485 1004 1560; x_wconf 85' lang='lat' dir='ltr'><strong>mulierem</strong></span> <span class='ocrx_word' id='word_1_64' title='bbox 1022 1488 1080 1584; x_wconf 66' lang='grc' dir='ltr'><strong>(Δ),</strong></span> <span class='ocrx_word' id='word_1_65' title='bbox 1096 1492 1162 1562; x_wconf 87' lang='lat' dir='ltr'><strong>cui</strong></span> <span class='ocrx_word' id='word_1_66' title='bbox 1183 1494 1300 1564; x_wconf 87' lang='lat' dir='ltr'><strong>cranii</strong></span> 
     </span>
     <span class='ocr_line' id='line_1_11' title="bbox 286 1605 1298 1708; baseline 0 -26"><span class='ocrx_word' id='word_1_67' title='bbox 286 1609 397 1696; x_wconf 64' lang='lat' dir='ltr'><strong>carea&#39;</strong></span> <span class='ocrx_word' id='word_1_68' title='bbox 411 1634 482 1708; x_wconf 91' lang='lat' dir='ltr'><strong>pro</strong></span> <span class='ocrx_word' id='word_1_69' title='bbox 501 1605 742 1704; x_wconf 83' lang='lat' dir='ltr'><strong>longitudine</strong></span> <span class='ocrx_word' id='word_1_70' title='bbox 749 1618 828 1676; x_wconf 86' lang='lat' dir='ltr'><strong>erat</strong></span> <span class='ocrx_word' id='word_1_71' title='bbox 841 1605 1057 1701; x_wconf 84' lang='lat' dir='ltr'><strong>angustior,</strong></span> <span class='ocrx_word' id='word_1_72' title='bbox 1073 1610 1298 1706; x_wconf 81' lang='lat' dir='ltr'><strong>apoplexia,</strong></span> 
     </span>
     <span class='ocr_line' id='line_1_12' title="bbox 285 1722 1297 1818; baseline -0.006 -12"><span class='ocrx_word' id='word_1_73' title='bbox 285 1753 356 1806; x_wconf 84' lang='lat' dir='ltr'><strong>nec</strong></span> <span class='ocrx_word' id='word_1_74' title='bbox 374 1727 502 1806; x_wconf 80' lang='lat' dir='ltr'><strong>,semei</strong></span> <span class='ocrx_word' id='word_1_75' title='bbox 521 1722 676 1797; x_wconf 84' lang='lat' dir='ltr'><strong>fortasse</strong></span> <span class='ocrx_word' id='word_1_76' title='bbox 688 1777 700 1811; x_wconf 96' lang='lat'><strong>,</strong></span> <span class='ocrx_word' id='word_1_77' title='bbox 714 1735 952 1818; x_wconf 77' lang='lat' dir='ltr'><strong>correptam,</strong></span> <span class='ocrx_word' id='word_1_78' title='bbox 970 1737 1072 1797; x_wconf 83' lang='lat' dir='ltr'><strong>certe</strong></span> <span class='ocrx_word' id='word_1_79' title='bbox 1097 1739 1234 1798; x_wconf 85' lang='lat' dir='ltr'><strong>autem</strong></span> <span class='ocrx_word' id='word_1_80' title='bbox 1253 1726 1297 1800; x_wconf 86' lang='lat' dir='ltr'><strong>ab</strong></span> 
     </span>
     <span class='ocr_line' id='line_1_13' title="bbox 285 1835 1390 1931; baseline -0.002 -13"><span class='ocrx_word' id='word_1_81' title='bbox 285 1844 415 1921; x_wconf 80' lang='lat' dir='ltr'><strong>eadem</strong></span> <span class='ocrx_word' id='word_1_82' title='bbox 435 1845 608 1920; x_wconf 79' lang='lat' dir='ltr'><strong>occisam.</strong></span> <span class='ocrx_word' id='word_1_83' title='bbox 625 1838 739 1931; x_wconf 87' lang='lat' dir='ltr'><strong>Quod</strong></span> <span class='ocrx_word' id='word_1_84' title='bbox 752 1839 783 1910; x_wconf 91' lang='lat' dir='ltr'><strong>si</strong></span> <span class='ocrx_word' id='word_1_85' title='bbox 800 1835 896 1912; x_wconf 83' lang='lat' dir='ltr'><strong>forte</strong></span> <span class='ocrx_word' id='word_1_86' title='bbox 914 1837 1072 1927; x_wconf 80' lang='lat' dir='ltr'><strong>dixeris,</strong></span> <span class='ocrx_word' id='word_1_87' title='bbox 1091 1845 1297 1920; x_wconf 82' lang='lat' dir='ltr'><strong>accessisse</strong></span> <span class='ocrx_word' id='word_1_88' title='bbox 1388 1851 1390 1916; x_wconf 80' lang='grc' dir='ltr'><strong><em>Ῑ</em></strong></span> 
     </span>
     <span class='ocr_line' id='line_1_14' title="bbox 282 1946 1388 2062; baseline 0.004 -28"><span class='ocrx_word' id='word_1_89' title='bbox 282 1963 332 2036; x_wconf 86' lang='lat' dir='ltr'><strong>ad</strong></span> <span class='ocrx_word' id='word_1_90' title='bbox 349 1985 503 2062; x_wconf 79' lang='lat' dir='ltr'><strong>pravam</strong></span> <span class='ocrx_word' id='word_1_91' title='bbox 533 1958 665 2055; x_wconf 81' lang='lat' dir='ltr'><strong>capitis</strong></span> <span class='ocrx_word' id='word_1_92' title='bbox 695 1955 982 2053; x_wconf 71' lang='lat' dir='ltr'><strong>dispositionem</strong></span> <span class='ocrx_word' id='word_1_93' title='bbox 1013 1956 1106 2037; x_wconf 71' lang='lat' dir='ltr'><strong>elias</strong></span> <span class='ocrx_word' id='word_1_94' title='bbox 1139 1983 1297 2038; x_wconf 71' lang='lat' dir='ltr'><strong>causas,</strong></span> <span class='ocrx_word' id='word_1_95' title='bbox 1385 1946 1388 1961; x_wconf 56' lang='lat'>¹</span> 
     </span>
     <span class='ocr_line' id='line_1_15' title="bbox 283 2072 1388 2178; baseline -0.004 -22"><span class='ocrx_word' id='word_1_96' title='bbox 283 2105 421 2178; x_wconf 84' lang='lat' dir='ltr'><strong>easque</strong></span> <span class='ocrx_word' id='word_1_97' title='bbox 438 2093 631 2164; x_wconf 67' lang='lat' dir='ltr'><strong>externas,</strong></span> <span class='ocrx_word' id='word_1_98' title='bbox 647 2097 786 2173; x_wconf 88' lang='lat' dir='ltr'><strong>nempe</strong></span> <span class='ocrx_word' id='word_1_99' title='bbox 803 2072 904 2148; x_wconf 88' lang='lat' dir='ltr'><strong>idern</strong></span> <span class='ocrx_word' id='word_1_100' title='bbox 925 2074 1030 2178; x_wconf 80' lang='lat' dir='ltr'><strong>qnod</strong></span> <span class='ocrx_word' id='word_1_101' title='bbox 1050 2099 1123 2173; x_wconf 83' lang='lat' dir='ltr'><strong>ego</strong></span> <span class='ocrx_word' id='word_1_102' title='bbox 1138 2075 1189 2148; x_wconf 86' lang='lat' dir='ltr'><strong>de</strong></span> <span class='ocrx_word' id='word_1_103' title='bbox 1207 2097 1299 2177; x_wconf 71' lang='lat' dir='ltr'><strong>pro·</strong></span> <span class='ocrx_word' id='word_1_104' title='bbox 1387 2078 1388 2152; x_wconf 73' lang='lat' dir='ltr'>j</span> 
     </span>
     <span class='ocr_line' id='line_1_16' title="bbox 203 2191 724 2297; baseline 0 -37"><span class='ocrx_word' id='word_1_105' title='bbox 203 2255 206 2260; x_wconf 88' lang='lat'>.</span> <span class='ocrx_word' id='word_1_106' title='bbox 284 2198 410 2297; x_wconf 78' lang='lat' dir='ltr'><strong>posito</strong></span> <span class='ocrx_word' id='word_1_107' title='bbox 427 2203 574 2291; x_wconf 80' lang='lat' dir='ltr'><strong>coquo,</strong></span> <span class='ocrx_word' id='word_1_108' title='bbox 587 2191 724 2266; x_wconf 90' lang='lat' dir='ltr'><strong>dices..</strong></span> 
     </span>
    </p>

    <p class='ocr_par' dir='ltr' id='par_1_3' title="bbox 260 2325 1387 3366">
     <span class='ocr_line' id='line_1_17' title="bbox 288 2325 1294 2430; baseline 0.002 -27"><span class='ocrx_word' id='word_1_109' title='bbox 288 2381 292 2392; x_wconf 85' lang='lat'>·</span> <span class='ocrx_word' id='word_1_110' title='bbox 333 2325 1294 2430; x_wconf 76' lang='lat' dir='ltr'><strong>17.Cujuscerebelliskirr&#39;ho,sineglectisomnibus</strong></span> 
     </span>
     <span class='ocr_line' id='line_1_18' title="bbox 282 2431 1293 2546; baseline 0.002 -26"><span class='ocrx_word' id='word_1_111' title='bbox 282 2457 365 2546; x_wconf 77' lang='lat' dir='ltr'><strong>qo‘ae</strong></span> <span class='ocrx_word' id='word_1_112' title='bbox 382 2449 421 2518; x_wconf 92' lang='lat' dir='ltr'><strong>in</strong></span> <span class='ocrx_word' id='word_1_113' title='bbox 436 2446 595 2520; x_wconf 84' lang='lat' dir='ltr'><strong>cerebro</strong></span> <span class='ocrx_word' id='word_1_114' title='bbox 612 2459 720 2516; x_wconf 85' lang='lat' dir='ltr'><strong>erant</strong></span> <span class='ocrx_word' id='word_1_115' title='bbox 734 2499 744 2532; x_wconf 97' lang='lat'><strong>,</strong></span> <span class='ocrx_word' id='word_1_116' title='bbox 760 2431 879 2530; x_wconf 77' lang='lat' dir='ltr'><strong>vitiis,</strong></span> <span class='ocrx_word' id='word_1_117' title='bbox 894 2444 1012 2541; x_wconf 64' lang='lat' dir='ltr'><strong>*quasi</strong></span> <span class='ocrx_word' id='word_1_118' title='bbox 1027 2445 1134 2518; x_wconf 80' lang='lat' dir='ltr'><strong>nulia</strong></span> <span class='ocrx_word' id='word_1_119' title='bbox 1157 2473 1293 2522; x_wconf 86' lang='lat' dir='ltr'><strong>eorum</strong></span> 
     </span>
     <span class='ocr_line' id='line_1_19' title="bbox 281 2561 1387 2662; baseline -0.002 -24"><span class='ocrx_word' id='word_1_120' title='bbox 281 2568 386 2638; x_wconf 84' lang='lat' dir='ltr'><strong>initia</strong></span> <span class='ocrx_word' id='word_1_121' title='bbox 403 2563 489 2636; x_wconf 73' lang='lat' dir='ltr'><strong>ame</strong></span> <span class='ocrx_word' id='word_1_122' title='bbox 506 2563 707 2662; x_wconf 74' lang='lat' dir='ltr'><strong>paralysim</strong></span> <span class='ocrx_word' id='word_1_123' title='bbox 725 2575 859 2638; x_wconf 57' lang='lat' dir='ltr'><strong>contra</strong></span> <span class='ocrx_word' id='word_1_124' title='bbox 874 2585 917 2632; x_wconf 84' lang='lat' dir='ltr'><strong>ac</strong></span> <span class='ocrx_word' id='word_1_125' title='bbox 939 2561 1069 2660; x_wconf 84' lang='lat' dir='ltr'><strong>rapitis</strong></span> <span class='ocrx_word' id='word_1_126' title='bbox 1084 2567 1292 2638; x_wconf 82' lang='lat' dir='ltr'><strong>acutissimi</strong></span> <span class='ocrx_word' id='word_1_127' title='bbox 1386 2609 1387 2660; x_wconf 81' lang='lat'>3</span> 
     </span>
     <span class='ocr_line' id='line_1_20' title="bbox 280 2677 1288 2781; baseline 0.001 -27"><span class='ocrx_word' id='word_1_128' title='bbox 280 2683 469 2781; x_wconf 76' lang='lat' dir='ltr'><strong>quihenc</strong></span> <span class='ocrx_word' id='word_1_129' title='bbox 484 2691 780 2779; x_wconf 72' lang='lat' dir='ltr'><strong>processerant,</strong></span> <span class='ocrx_word' id='word_1_130' title='bbox 799 2677 952 2751; x_wconf 77' lang='lat' dir='ltr'><strong>dolores</strong></span> <span class='ocrx_word' id='word_1_131' title='bbox 982 2679 1179 2771; x_wconf 85' lang='lat' dir='ltr'><strong>indicant,</strong></span> <span class='ocrx_word' id='word_1_132' title='bbox 1209 2709 1288 2757; x_wconf 88' lang='lat' dir='ltr'><strong>esse</strong></span> 
     </span>
     <span class='ocr_line' id='line_1_21' title="bbox 278 2795 1292 2902; baseline -0.002 -26"><span class='ocrx_word' id='word_1_133' title='bbox 278 2805 508 2901; x_wconf 79' lang='lat' dir='ltr'><strong>potuissent3</strong></span> <span class='ocrx_word' id='word_1_134' title='bbox 527 2801 557 2872; x_wconf 90' lang='lat' dir='ltr'><strong>si</strong></span> <span class='ocrx_word' id='word_1_135' title='bbox 571 2799 647 2886; x_wconf 87' lang='lat' dir='ltr'><strong>ilii,</strong></span> <span class='ocrx_word' id='word_1_136' title='bbox 659 2800 837 2896; x_wconf 82' lang='lat' dir='ltr'><strong>inquam,</strong></span> <span class='ocrx_word' id='word_1_137' title='bbox 855 2795 1005 2870; x_wconf 81' lang='lat' dir='ltr'><strong>skirrho</strong></span> <span class='ocrx_word' id='word_1_138' title='bbox 1019 2800 1151 2889; x_wconf 89' lang='lat' dir='ltr'><strong>unice,</strong></span> <span class='ocrx_word' id='word_1_139' title='bbox 1166 2819 1207 2878; x_wconf 84' lang='lat' dir='ltr'><strong>et</strong></span> <span class='ocrx_word' id='word_1_140' title='bbox 1226 2827 1292 2902; x_wconf 84' lang='lat' dir='ltr'><strong>per</strong></span> 
     </span>
     <span class='ocr_line' id='line_1_22' title="bbox 260 2904 1384 3016; baseline 0 -26"><span class='ocrx_word' id='word_1_141' title='bbox 260 2917 551 3016; x_wconf 19' lang='lat' dir='ltr'><strong>,separalysim</strong></span> <span class='ocrx_word' id='word_1_142' title='bbox 580 2904 677 2987; x_wconf 79' lang='lat' dir='ltr'><strong>velis¹</strong></span> <span class='ocrx_word' id='word_1_143' title='bbox 697 2915 919 3013; x_wconf 58' lang='lat' dir='ltr'><strong>imputare,</strong></span> <span class='ocrx_word' id='word_1_144' title='bbox 954 2907 1059 2986; x_wconf 69' lang='lat' dir='ltr'><strong>haud</strong></span> <span class='ocrx_word' id='word_1_145' title='bbox 1096 2917 1290 2992; x_wconf 83' lang='lat' dir='ltr'><strong>videberis</strong></span> <span class='ocrx_word' id='word_1_146' title='bbox 1379 2942 1384 2957; x_wconf 92' lang='lat'><strong>·</strong></span> 
     </span>
     <span class='ocr_line' id='line_1_23' title="bbox 279 3032 1286 3121; baseline 0.005 -17"><span class='ocrx_word' id='word_1_147' title='bbox 279 3036 513 3121; x_wconf 82' lang='lat' dir='ltr'><strong>meminisse,</strong></span> <span class='ocrx_word' id='word_1_148' title='bbox 533 3049 610 3103; x_wconf 82' lang='lat' dir='ltr'><strong>non</strong></span> <span class='ocrx_word' id='word_1_149' title='bbox 629 3051 715 3106; x_wconf 83' lang='lat' dir='ltr'><strong>eom</strong></span> <span class='ocrx_word' id='word_1_150' title='bbox 734 3032 1047 3104; x_wconf 76' lang='lat' dir='ltr'><strong>duntaxat&#39;artum</strong></span> <span class='ocrx_word' id='word_1_151' title='bbox 1063 3032 1286 3108; x_wconf 73' lang='lat' dir='ltr'><strong>inferiorem</strong></span> 
     </span>
     <span class='ocr_line' id='line_1_24' title="bbox 279 3141 1288 3250; baseline 0.003 -28"><span class='ocrx_word' id='word_1_152' title='bbox 279 3155 346 3250; x_wconf 88' lang='lat' dir='ltr'><strong>qui</strong></span> <span class='ocrx_word' id='word_1_153' title='bbox 366 3149 516 3223; x_wconf 83' lang='lat' dir='ltr'><strong>skirrho</strong></span> <span class='ocrx_word' id='word_1_154' title='bbox 529 3166 608 3234; x_wconf 77' lang='lat' dir='ltr'><strong>erat</strong></span> <span class='ocrx_word' id='word_1_155' title='bbox 621 3149 828 3246; x_wconf 74' lang='lat' dir='ltr'><strong>subjectos,</strong></span> <span class='ocrx_word' id='word_1_156' title='bbox 843 3141 916 3222; x_wconf 84' lang='lat' dir='ltr'><strong>sed</strong></span> <span class='ocrx_word' id='word_1_157' title='bbox 928 3165 1136 3248; x_wconf 83' lang='lat' dir='ltr'><strong>utromque</strong></span> <span class='ocrx_word' id='word_1_158' title='bbox 1146 3157 1288 3250; x_wconf 89' lang='lat' dir='ltr'><strong>pariter</strong></span> 
     </span>
     <span class='ocr_line' id='line_1_25' title="bbox 278 3265 1284 3366; baseline 0.004 -28"><span class='ocrx_word' id='word_1_159' title='bbox 278 3267 391 3345; x_wconf 79' lang='lat' dir='ltr'><strong>fuisse</strong></span> <span class='ocrx_word' id='word_1_160' title='bbox 414 3266 645 3339; x_wconf 78' lang='lat' dir='ltr'><strong>resolutumt</strong></span> <span class='ocrx_word' id='word_1_161' title='bbox 666 3265 1121 3366; x_wconf 75' lang='lat' dir='ltr'><strong>quaeresnimirumiacit,</strong></span> <span class='ocrx_word' id='word_1_162' title='bbox 1133 3283 1176 3342; x_wconf 87' lang='lat' dir='ltr'><strong>ut</strong></span> <span class='ocrx_word' id='word_1_163' title='bbox 1191 3269 1284 3342; x_wconf 78' lang='lat' dir='ltr'><strong>iliud</strong></span> 
     </span>
    </p>
   </div>
   <div class='ocr_carea' id='block_1_3' title="bbox 379 3659 1030 3942">
    <p class='ocr_par' dir='ltr' id='par_1_4' title="bbox 379 3659 1030 3942">
     <span class='ocr_line' id='line_1_26' title="bbox 380 3659 1030 3746; baseline -0.003 -20"><span class='ocrx_word' id='word_1_164' title='bbox 380 3668 458 3746; x_wconf 74' lang='lat' dir='ltr'><strong>ltid.</strong></span> <span class='ocrx_word' id='word_1_165' title='bbox 472 3669 551 3738; x_wconf 79' lang='lat' dir='ltr'><strong>eod,</strong></span> <span class='ocrx_word' id='word_1_166' title='bbox 570 3688 600 3724; x_wconf 90' lang='lat' dir='ltr'><strong>n.</strong></span> <span class='ocrx_word' id='word_1_167' title='bbox 616 3667 647 3724; x_wconf 87' lang='lat' dir='ltr'><strong>in</strong></span> <span class='ocrx_word' id='word_1_168' title='bbox 659 3659 717 3740; x_wconf 81' lang='lat' dir='ltr'><strong>fin,</strong></span> <span class='ocrx_word' id='word_1_169' title='bbox 739 3679 768 3726; x_wconf 90' lang='lat' dir='ltr'><strong>et</strong></span> <span class='ocrx_word' id='word_1_170' title='bbox 779 3667 872 3743; x_wconf 86' lang='lat' dir='ltr'><strong>Epist.</strong></span> <span class='ocrx_word' id='word_1_171' title='bbox 891 3685 941 3740; x_wconf 85' lang='lat' dir='ltr'><strong>ra,</strong></span> <span class='ocrx_word' id='word_1_172' title='bbox 956 3685 987 3724; x_wconf 86' lang='lat' dir='ltr'><strong>n.</strong></span> <span class='ocrx_word' id='word_1_173' title='bbox 1003 3685 1030 3726; x_wconf 84' lang='lat' dir='ltr'><strong>a.</strong></span> 
     </span>
     <span class='ocr_line' id='line_1_27' title="bbox 381 3765 636 3844; baseline -0.008 -20"><span class='ocrx_word' id='word_1_174' title='bbox 381 3769 474 3844; x_wconf 89' lang='lat' dir='ltr'><strong>Epist.</strong></span> <span class='ocrx_word' id='word_1_175' title='bbox 496 3788 527 3838; x_wconf 90' lang='lat'><strong>1,</strong></span> <span class='ocrx_word' id='word_1_176' title='bbox 543 3787 573 3821; x_wconf 88' lang='lat' dir='ltr'><strong>n.</strong></span> <span class='ocrx_word' id='word_1_177' title='bbox 590 3765 636 3823; x_wconf 85' lang='lat'><strong>15.</strong></span> 
     </span>
     <span class='ocr_line' id='line_1_28' title="bbox 379 3869 636 3942; baseline -0.012 -17"><span class='ocrx_word' id='word_1_178' title='bbox 379 3869 473 3942; x_wconf 82' lang='lat' dir='ltr'><strong>Epist.</strong></span> <span class='ocrx_word' id='word_1_179' title='bbox 495 3888 541 3938; x_wconf 83' lang='lat' dir='ltr'><strong>ro,</strong></span> <span class='ocrx_word' id='word_1_180' title='bbox 558 3887 588 3922; x_wconf 90' lang='lat' dir='ltr'><strong>n.</strong></span> <span class='ocrx_word' id='word_1_181' title='bbox 607 3887 636 3942; x_wconf 86' lang='lat'><strong>9.</strong></span> 
     </span>
    </p>
   </div>
   <div class='ocr_carea' id='block_1_4' title="bbox 0 0 1396 4652">
    <p class='ocr_par' dir='ltr' id='par_1_5' title="bbox 0 0 1396 4652">
     <span class='ocr_line' id='line_1_29' title="bbox 0 0 1396 4652; baseline 0 6"><span class='ocrx_word' id='word_1_182' title='bbox 0 0 1396 4652; x_wconf 95' lang='lat' dir='ltr'><strong> </strong></span> 
     </span>
    </p>
   </div>
  </div>
 </body>
</html>
