2836 4648
210 395 213 400 ¹
279 413 354 508 615>
446 435 494 490 ur
519 430 667 485 smum
695 431 740 482 rr
764 432 891 486 musis
914 433 1130 489 uorroruu

280 527 474 650 aequabat,
494 547 610 620 altera
625 545 674 622 ad
696 547 836 645 prioris
851 549 949 624 latus
967 549 1179 628 dexterum.
1203 557 1300 628 Utri·

283 691 361 768 que
378 669 499 742 iuerat
521 688 609 764 pars
622 665 794 740 intestini
819 661 903 756 ilei;
931 666 1078 740 minori
1094 693 1192 744 vero
1214 696 1301 770 pars

281 785 427 880 omenti
439 807 615 882 quoque:
632 804 716 880 quae
731 781 804 854 nisi
818 779 925 880 quod
938 781 1166 860 homimum
1182 791 1302 865 saccis

281 900 542 989 adhaerebant,
557 897 656 972 nihil
675 913 857 996 praeterea
871 898 1063 978 hebebant
1082 903 1181 976 vitii.
1205 910 1304 980 Veuov

282 1021 571 1116 triculus-aequo
592 1013 752 1116 inferior
767 1017 889 1107 visus,
911 1043 962 1090 en
982 1019 1090 1116 quod
1119 1019 1305 1096 deorsum

282 1153 425 1214 tractus
446 1133 577 1210 fuisset
598 1132 646 1206 ab
670 1133 733 1206 ina
751 1137 896 1210 omenti
914 1151 1044 1235 parte,
1070 1137 1247 1225 herniae,
1266 1157 1306 1213 ut

216 1262 222 1269 '
286 1256 467 1341 diximus,
485 1251 651 1338 inclusa,
671 1275 721 1325 au
739 1254 866 1351 potius
877 1253 925 1345 ab
944 1255 1025 1346 aliis
1039 1257 1191 1344 musio,
1212 1274 1253 1331 et
1268 1260 1305 1330 in

60 1351 83 1384 ²
159 1416 162 1422 -
283 1368 800 1470 hisquadamglaudula‚uta
809 1370 1165 1470 primovidebatur,
1179 1401 1304 1476 prope

282 1491 423 1569 lienem
433 1489 762 1577 omentuirmexa,
776 1489 1039 1587 magnitudine
1056 1507 1095 1564 et
1105 1489 1304 1566 formaori

284 1608 441 1706 majoris
453 1604 673 1678 columbini.
704 1607 829 1698 Quam
846 1631 966 1706 quum
985 1609 1100 1706 paulo
1120 1615 1307 1684 attentius

287 1727 558 1825 inspectarem·‚
583 1739 620 1796 et
631 1724 771 1796 lienem
789 1724 951 1800 alterum
963 1749 1042 1800 esse
1064 1729 1307 1827 suspicarer3

288 1845 543 1944 suspicionem
555 1841 768 1918 luculenter
784 1839 1225 1920 confirmavitdissectio
1245 1901 1256 1936 ,
1274 1863 1307 1920 et

293 1986 380 2034 cum
401 1963 578 2059 proximo
592 1959 690 2032 liene
706 1959 873 2070 colieti03
886 1959 1017 2035 eadem
1031 1961 1134 2058 enim
1146 1988 1307 2062 prorsus

173 2083 181 2089 ’
290 2081 486 2176 utriusque
506 2091 713 2167 structura,
735 2093 772 2152 et
787 2077 994 2152 substantia
1011 2077 1094 2152 fuit.
1113 2083 1307 2154 Minorem

250 2203 266 2222 '²
290 2196 534 2270 crassiuscula
549 2197 694 2270 omenti
714 2193 1211 2302 adibuuteanguisemvasa.
1227 2204 1306 2272 Ma-

289 2313 386 2420 joris
411 2313 549 2404 arteria
568 2329 649 2386 erat
669 2339 824 2412 magum
855 2313 921 2388 sed
945 2317 1007 2386 vix
1031 2314 1223 2390 levissime
1241 2315 1307 2390 fle-

289 2455 428 2516 xuose,
446 2455 573 2528 neque
595 2432 635 2502 in
654 2445 757 2506 tauta
777 2445 881 2506 aetate
904 2430 990 2517 duri
1009 2431 1226 2532 quidquam
1243 2433 1306 2506 ha·

290 2547 405 2624 bebat
417 2537 430 2638 ‚¹
443 2565 486 2626 ut
504 2571 650 2646 neque,
672 2549 703 2622 si
722 2549 849 2622 iliacas
867 2550 1048 2648 excipias,
1070 2551 1177 2639 alim,
1197 2578 1307 2652 quas·

292 2687 459 2766 cumque
472 2667 847 2758 examinavi,arteriae
859 2663 1003 2767 aliquid
1012 2669 1111 2741 ossei
1122 2668 1308 2764 habuere,

292 2809 417 2884 neque
439 2784 564 2861 cordis
584 2785 764 2874 mlvulae3
792 2787 939 2862 tametsi
962 2809 1049 2884 quae
1074 2801 1193 2861 aortae
1218 2814 1307 2888 pur·

292 2897 496 2994 ficiuntur,
521 2903 797 2997 contractiores
821 2917 952 2992 erant,
975 2917 1013 2975 et
1044 2904 1232 2978 nonnihil
1256 2909 1308 2978 ri-

293 3021 403 3092 timae.
440 3025 531 3134 Erae
548 3035 694 3108 tamen,
718 3035 884 3126 quantus
913 3007 1081 3120 quantus
1106 3023 1149 3094 in
1175 3039 1308 3098 ventre

295 3151 368 3227 est,
384 3138 503 3234 ipsius
522 3154 818 3216 aorteetruucus
841 3139 890 3214 ad
912 3136 1213 3214 oceificatiouem
1237 3142 1308 3214 dis·

294 3255 461 3354 positus,
478 3257 621 3354 quippe
640 3253 839 3354 superficie
860 3255 1003 3356 ubique
1022 3260 1305 3364 propemodum

295 3390 377 3448 tum
392 3370 487 3447 albis
504 3371 681 3482 maculis,
697 3388 780 3446 tum
800 3372 1116 3474 iuaequrlitatibus
1144 3378 1306 3478 quibus·

208 3543 209 3546 =
294 3491 382 3566 dam
402 3490 595 3578 distincta,
625 3487 777 3589 idque
766 3491 937 3566 mterius
962 3494 1149 3567 Praeterer
1175 3512 1302 3568 autem

295 3608 397 3682 idem
411 3623 570 3682 truncus
583 3607 658 3680 hoc
675 3605 840 3682 habebat
860 3607 1022 3698 insoliti,
1045 3609 1154 3707 quod
1183 3615 1304 3684 statim

182 3717 183 3724 '
294 3724 392 3798 iufra
410 3725 647 3824 emulgentes
662 3747 701 3800 se
718 3725 767 3798 ad
788 3741 949 3802 tractum
977 3725 1198 3801 inflectebat
1212 3729 1305 3802 duo·

208 3814 234 3842 ⁴⁴
294 3867 397 3940 rum,
417 3859 481 3914 aut
507 3845 624 3916 trium
649 3825 877 3943 digitorum3
900 3867 983 3943 quae
1000 3842 1155 3922 inflexio
1186 3863 1306 3920 vertr-

293 3957 568 4058 brisimputari
583 3987 662 4038 uon
675 3977 842 4062 poterat,
853 3979 895 4038 ut
912 3987 1007 4064 ques
1027 3979 1129 4038 recte
1143 3965 1310 4063 positas„
