2782 4652
171 433 242 480 ara.
251 433 284 477 v.
298 428 859 480 onanoatorsaonmsuaauron.
869 429 981 480 nersr.
991 433 1046 477 nx.
1075 411 1145 506 407

147 569 258 633 mus,
285 544 351 618 sed
369 544 513 616 nullam
543 567 700 640 usquam
721 565 792 642 pro
818 557 921 616 certo
941 545 1151 631 laesionem,

148 662 254 736 uude
267 662 419 759 sanguis
437 661 602 758 erupisse
615 660 833 740 videretur:
862 683 1081 758 quanquam
1100 663 1152 734 la·
1201 717 1203 726 s

149 781 266 852 tuisse
293 781 333 850 in
352 779 503 852 sinistro
537 778 750 852 'ventriculo
776 777 1012 852 arbitramur.
1046 783 1152 851 Tunc

144 895 275 976 ,cultro
294 894 343 968 ad
367 894 616 981 cerebellum,
643 895 748 992 quod
769 894 939 992 undique
962 897 1152 994 integrum

146 1014 318 1088 exterius
348 1011 574 1111 apparebat,
597 1012 798 1100 translato,
830 1036 919 1085 ecce
948 1015 1047 1093 'ntra
1073 1014 1153 1109 ejus
1267 1066 1268 1070 η

145 1130 352 1212 ,dexterum
383 1128 514 1203 lobum
545 1153 714 1220 caveam,
742 1155 867 1227 neque
897 1129 948 1202 ita
966 1155 1153 1228 parvam,

150 1244 381 1320 offendimus
411 1248 599 1346 sanguinis
625 1249 665 1318 in
695 1271 849 1345 grumos
877 1247 1045 1322 concreti
1081 1249 1153 1346 ple·

149 1367 357 1438 nissimam.
1108 1342 1113 1363 ¹

202 1508 234 1579 7.
245 1485 301 1554 De
316 1479 600 1554 claudicationis
611 1483 786 1582 exposita
803 1483 922 1554 causis
935 1484 1021 1554 satis
1036 1482 1151 1554 modo

148 1599 295 1672 dictum
311 1611 376 1672 est.
402 1602 458 1672 De
470 1599 551 1671 aliis
566 1599 656 1671 alias
668 1615 706 1672 et
720 1598 882 1672 diximus
898 1600 977 1697 (1),
997 1615 1033 1673 et
1053 1601 1151 1672 ‹lice-

148 1741 239 1790 mus
254 1714 318 1814 (a)
339 1719 394 1788 De
421 1714 569 1788 duabus
585 1731 709 1790 autem
737 1741 820 1813 quae
851 1715 950 1809 hanc
978 1717 1149 1790 ultimam

148 1847 436 1934 precesserant,
458 1833 663 1933 apoplexiie
687 1833 782 1906 illud
807 1832 985 1906 credibile
1003 1849 1077 1922 est,
1092 1859 1152 1906 re·

148 1952 307 2050 liquisse
326 1965 524 2049 utramque
551 1954 591 2022 in
610 1951 787 2036 cerebro,
822 1965 858 2023 et
879 1950 1066 2024 cerebello
1090 1973 1151 2024 eas

149 2068 531 2167 dispositionesque,
549 2069 664 2142 nullis
682 2069 884 2168 prasertim
901 2066 1075 2140 remediis
1089 2067 1151 2139 ad·

149 2185 299 2273 bibitis,
317 2181 522 2258 faciliorem
543 2183 687 2258 aditum
708 2185 921 2284 paraverint
948 2187 1081 2274 tertiae,
1108 2201 1151 2256 ut

149 2299 330 2398 disruptis
350 2301 510 2374 internis
529 2303 625 2374 vasis
646 2303 844 2376 mulierem
868 2317 1029 2375 necaret.
1061 2306 1151 2393 Quae

129 2420 335 2516 vquoniam
356 2442 441 2490 vasa
464 2443 544 2490 non
568 2420 668 2492 intra
700 2419 929 2492 cerebellum
954 2419 1150 2508 duntaxat,
1218 2507 1221 2512 Ι

150 2535 220 2608 sed
243 2536 342 2608 intra
368 2535 565 2607 cerebrum
590 2561 743 2634 quoque
765 2552 945 2635 perrupta
977 2552 1081 2621 sunt,
1110 2549 1153 2606 ut

149 2649 294 2726 effussus
312 2653 352 2722 in
371 2667 534 2750 utroque
548 2655 699 2751 sanguis
713 2653 894 2742 ostendit,
914 2653 989 2724 duo
1009 2649 1151 2723 idcirco

151 2794 236 2867 quae
252 2794 298 2842 ex
315 2769 537 2843 dissectione
554 2770 626 2844 hac
645 2770 782 2844 deduci
797 2773 1007 2870 potuissent
1027 2769 1075 2840 ad
1094 2794 1151 2841 ce-

150 2886 339 2962 rebellum
364 2889 578 2977 attinentia,
605 2891 749 2963 incerta
772 2913 815 2960 ac
841 2886 957 2960 dubia
979 2885 1152 2959 reddide·

154 3020 264 3092 runt3
279 3029 417 3103 nempe
435 3030 481 3076 an
498 3007 686 3080 laesionem
701 3007 858 3092 alterius,
869 3006 985 3104 ipsius
997 3003 1077 3076 lobi
1092 3029 1153 3077 re·

155 3123 295 3194 solutio
316 3123 355 3192 in
369 3125 543 3228 opposito
561 3125 732 3223 corporis
748 3125 863 3196 latere
882 3137 1154 3220 consequatur,

157 3244 325 3338 itemque
342 3265 391 3311 an
405 3265 427 3311 a
443 3241 629 3315 cerebello
646 3242 778 3340 pulsus
798 3240 1007 3339 pendeant,
1024 3256 1061 3312 et
1079 3263 1156 3312 res·

157 3359 304 3457 piratio.
320 3357 420 3448 Quid
432 3360 532 3430 enim
549 3361 579 3432 si
596 3359 859 3433 tantummodo
873 3381 959 3432 cum
970 3381 1073 3430 mors
1089 3359 1159 3427 ins·

159 3491 277 3563 taret,
294 3475 357 3546 illa
373 3477 413 3546 in
429 3475 617 3550 cerebello
636 3502 747 3550 cavea
764 3475 810 3549 ab
827 3478 1061 3573 irrumpente
1078 3497 1160 3544 san-

160 3596 274 3693 guine
291 3593 477 3690 producta
494 3595 609 3668 esset?
626 3596 684 3667 vel
703 3595 810 3693 quid,
831 3589 861 3666 si
879 3591 1058 3665 resolutio
1072 3597 1160 3685 ‘quae

202 3875 247 3953 (1)
268 3877 362 3951 Epist.
377 3875 433 3947 56,
447 3879 566 3953 passim.

204 3973 249 4054 (a)
270 3975 364 4050 Epist.
380 3975 436 4050 69,
452 3996 481 4032 n.
498 3996 530 4050 a,
549 3997 584 4034 ro
597 3990 625 4034 et
637 3997 697 4054 aeq.
