2746 4662
314 437 386 494 iio
479 441 526 492 DE
551 435 698 492 SEDIBUS
721 435 767 488 ut·
790 435 915 488 causis
940 437 1153 488 HOEMRUM

309 558 435 632 ticaiis»
446 555 659 629 substantiae
672 551 874 624 videretur.
894 553 969 624 Sed
990 554 1108 626 meite
1123 572 1324 646 uenerat,
1365 600 1366 650 ,

309 697 438 772 neque
461 673 614 744 meninx
633 671 759 742 tenuis
783 693 867 766 quae
890 693 910 740 e
930 669 1016 741 icco
1042 673 1324 769 respondebat,
1365 661 1366 676 ¹

309 790 717 886 iacera,imointegra,
735 802 772 859 et
785 788 883 859 laevis
897 788 1213 886 conspiciebatur.
1226 795 1321 862 Tum

310 908 528 1006 diligentius
541 905 761 993 attendens,
779 905 978 1004 globulum
996 929 1075 978 esse
1087 907 1193 997 ridi,
1214 912 1324 1006 parvi

309 1051 392 1098 nvae
430 1025 528 1096 acini
560 1023 841 1120 magnitudine,
871 1023 1101 1114 subdurum,
1129 1026 1324 1116 solidum,
1366 1041 1367 1072 ¹

310 1143 379 1240 qui
400 1140 519 1228 nulia,
539 1139 579 1212 id
605 1139 712 1237 quod
737 1140 850 1210 laevor
873 1141 1119 1230 ostendebat,
1148 1145 1222 1216 nisi
1248 1146 1323 1216 ima

309 1275 436 1358 parte,
455 1281 650 1356 qucquam
671 1255 891 1346 adhaeseram
915 1256 986 1330 hac
1014 1274 1139 1330 autem
1158 1277 1243 1333 erat
1261 1261 1322 1334 fir-

309 1377 475 1450 missime
500 1373 634 1448 affixus
657 1397 786 1447 crassae
812 1375 993 1448 duntaxat
1017 1379 1208 1508 meningi,
1240 1401 1320 1452 nun

310 1495 402 1583 essi,
420 1492 526 1591 quod
543 1492 829 1590 subjiciebatur3
853 1508 897 1564 ut
917 1495 1127 1566 censuerim
1146 1496 1368 1590 ejusdem
1367 1462 1368 1592 i

308 1635 497 1709 meningas
512 1625 803 1682 excrescentem
816 1613 1100 1708 esse,generis,
1123 1617 1324 1710 sicutque

310 1729 524 1804 substantia
537 1727 674 1799 modus
696 1726 939 1816 ostendebat,
965 1730 1321 1827 quasigiandulosi,

309 1848 460 1917 initium
487 1846 663 1928 minoris,
692 1842 880 1932 multum,
908 1846 939 1916 si
969 1847 1207 1933 increvisset,
1240 1875 1322 1920 non
1368 1894 1369 1980 1

311 1965 439 2036 selum·
449 1963 630 2060 proximis
646 1962 772 2032 nervis
788 1962 916 2059 opticu
943 1977 982 2033 et
1012 1959 1231 2052 olfactorio,
1255 1968 1322 2038 sed
1368 1981 1369 2022 t

311 2098 348 2156 et
362 2081 526 2154 cerebro·
543 2077 726 2150 obsutum,
742 2083 797 2148 Ex
815 2079 913 2150 uteri
930 2101 1109 2177 supremo
1132 2084 1321 2156 exteriore

309 2199 430 2271 fundo
458 2198 645 2269 dexterius
663 2196 903 2294 prominebat
925 2197 1170 2270 tuberculum¹
1196 2198 1321 2298 figura

309 2332 348 2394 et
368 2315 627 2414 magnitudine
645 2313 776 2386 eadem
806 2315 947 2411 quaein
975 2318 1229 2390 excrescentia
1256 2321 1322 2391 illa
1369 2371 1370 2380 2

308 2457 438 2506 crassae
457 2433 643 2530 meniugis
661 2431 777 2502 modo
793 2431 957 2504 indicata
974 2447 1046 2520 est,
1074 2433 1238 2506 solidum
1250 2462 1321 2535 pa·

308 2554 418 2640 riter,
436 2550 501 2622 sed
515 2549 655 2624 album.
674 2551 770 2620 Huic
790 2549 949 2622 aiterum
975 2551 1077 2622 intus
1105 2555 1320 2650 responde-

307 2669 532 2742 batmollius
549 2683 662 2764 atque
679 2665 1091 2755 humilius,mauifesto
1107 2695 1152 2740 ex
1163 2676 1317 2770 aggerie

307 2786 446 2858 factum
465 2785 650 2882 ejusmodi
667 2784 934 2873 vesicularum,
949 2787 1042 2856 acin
1059 2789 1158 2858 uteri
1170 2792 1318 2864 cervice

307 2903 434 2976 videre
452 2904 551 2974 soliti
572 2924 724 2990 sumus,
746 2902 882 2973 eodem
907 2903 1012 2973 enim,
1036 2929 1113 3001 quo
1131 2906 1210 2996 hee,
1237 2908 1320 2980 lim·

306 3019 398 3118 pido
414 3043 528 3090 muco
548 3018 810 3117 replebantur3
831 3019 937 3117 quod
953 3020 1196 3094 tuberculum
1216 3029 1317 3125 epis·

267 3208 268 3212 ,
306 3137 383 3210 tola
399 3137 529 3212 XLVH
546 3137 672 3234 ‹1)hic
688 3161 708 3206 a
725 3161 788 3210 me
805 3137 1101 3236 proponendum
1125 3165 1205 3213 esse
1224 3168 1317 3241 pro-

307 3257 492 3327 miseram.
513 3257 673 3353 Utrique
687 3255 777 3327 huic
792 3255 990 3328 tuberculo
1010 3259 1207 3354 interjecta
1227 3263 1316 3334 sub·

306 3374 440 3446 stantia
461 3375 558 3446 uteri
575 3376 766 3445 sanissima
785 3389 874 3445 erat.
907 3379 1053 3446 Caterae
1080 3391 1207 3449 autem
1232 3405 1315 3476 qum

305 3489 353 3562 ad
368 3491 542 3588 genitalia
566 3493 747 3580 attinent,
770 3506 919 3589 partes,
942 3493 972 3564 si
999 3508 1112 3565 testes
1132 3497 1313 3594 excipias,

305 3627 469 3706 quorum
495 3610 588 3681 alter
614 3624 693 3681 erat
725 3609 844 3680 altero
876 3610 1017 3699 minor,
1042 3610 1155 3682 ambo
1185 3628 1313 3685 tamen

343 3983 387 4062 (ι)
408 3987 445 4042 N·
469 4001 515 4042 20-
595 4009 598 4016 ·
