2836 4648
312 473 387 571 674
482 495 528 544 nr
555 495 701 544 seuleus
725 497 769 542 rr
794 494 920 546 causis
945 492 1162 542 morionum

314 785 1264 821 mmmmmmmmwwwmmwvwwwwtwum
1272 784 1328 809 Μ

374 1050 608 1126 urrerem
631 996 1140 1124 arianismo-immun
1165 1050 1276 1124 ixx.

320 1343 487 1417 Pertinet
501 1343 556 1415 od
565 1350 755 1444 promissa
767 1351 806 1415 ln
826 1360 994 1416 extremo
1014 1343 1180 1442 epistola
1199 1346 1332 1430 LXVI,
1414 1349 1415 1392 l

368 1480 551 1579 simulque
579 1481 635 1552 ad
671 1482 856 1580 quosdam
892 1486 1038 1554 Ventris
1069 1496 1107 1552 et
1151 1481 1333 1554 Thoracis

370 1622 536 1692 Morbos.

325 1903 479 2077 Quor
495 1973 542 2050 de
559 1967 742 2050 absolutis
758 1973 829 2047 hac
849 1978 960 2049 etiam
976 1975 1111 2074 hyeme
1133 1973 1334 2047 dissectio·

324 2094 454 2180 nibus,
467 2109 505 2164 et
519 2092 852 2166 exercitationibus
862 2095 1077 2192 gratularis3
1092 2117 1267 2193 agnosco
1279 2092 1335 2164 be

325 2211 578 2284 nevolentiam
601 2233 689 2309 erga
704 2235 765 2282 me
779 2227 894 2284 tuam.
916 2217 962 2284 At
980 2207 1090 2298 siittul
1109 2214 1239 2284 sentio
1259 2236 1334 2310 quo

326 2343 665 2431 praetereaspectet
689 2330 774 2426 istut
790 2331 1013 2428 gratulati0,
1031 2355 1173 2428 nempe
1202 2346 1249 2402 ut
1271 2329 1334 2401 ad-

326 2459 479 2520 moueat
506 2445 599 2544 quid
615 2446 666 2516 -in
701 2463 867 2520 extrema
897 2447 1055 2546 epistola
1090 2448 1334 2546 promiserim

327 2568 539 2654 LXVl,me
558 2579 760 2662 postquam
774 2565 856 2638 illas
873 2565 1132 2654 absolvissem,
1156 2590 1241 2638 esse
1264 2563 1335 2637 fac·
1416 2611 1417 2624 κ

267 2769 270 2774 ¹
328 2697 468 2755 turum.
495 2686 654 2778 AEquum
676 2681 863 2780 postulas,
892 2707 1016 2780 neque
1036 2684 1277 2755 committam
1299 2696 1339 2754 ut

329 2799 484 2898 flagites.
511 2800 612 2891 Quin
632 2801 816 2872 continuo
842 2801 1017 2898 promissi
1040 2801 1115 2872 mei
1146 2823 1337 2872 summam
1416 2879 1417 2896 χ

329 2943 409 2990 non
435 2916 637 3016 complebo
655 2917 799 3005 solum,
819 2941 950 2989 verum
975 2898 1086 2990 eliam
1115 2918 1335 2990 cumulabo.
1416 2901 1417 2922 l

329 3037 508 3109 Historias
525 3037 625 3108 enim
644 3035 880 3131 singulorum
900 3057 999 3134 qun,
1018 3049 1103 3133 post
1116 3035 1223 3106 illam
1242 3037 1291 3108 ad
1306 3051 1338 3108 te

330 3154 480 3226 missam
503 3153 719 3251 epistolam,
743 3168 832 3227 sunt
856 3177 957 3224 ame
986 3155 1154 3250 inspecta
1183 3153 1339 3226 cadave-

329 3295 436 3359 rum,
454 3269 582 3368 quales
601 3293 816 3367 eaecumque
828 3269 923 3359 sint,
942 3268 1202 3368 perscribam,
1221 3295 1337 3368 quan·

302 3445 304 3450 -
331 3415 443 3490 quam
464 3387 588 3485 aliqua
606 3413 674 3486 per
695 3411 734 3461 se
754 3387 868 3486 digna
884 3403 940 3460 est
954 3413 1038 3485 qum
1056 3387 1275 3478 scribatur,
1291 3393 1338 3461 sic

320 3505 552 3589 ,ulteriorum
570 3505 610 3577 in
630 3504 693 3576 illa
709 3505 822 3577 uvula
843 3505 1099 3606 perquirenda
1124 3509 1338 3580 sectionum

330 3625 416 3722 quis
433 3625 552 3694 exitus
568 3619 696 3712 fuerit,
711 3635 931 3722 cognosces

381 3757 1337 3860 2.Quinqueomnin0fueruntcadaverahachyeme

330 3876 488 3952 dissecta
499 3927 510 3961 ‚
521 3877 731 3948 exercitatis
746 3876 1052 3975 prosectoribus,
1073 3878 1220 3950 nedum
1231 3881 1339 3976 juve·

330 3993 443 4066 nibus
472 3993 646 4068 studiosis
680 4017 778 4093 quos
811 4009 1012 4067 anatomen
1039 3993 1246 4085 docerem,
1268 3994 1336 4068 sre-
