2700 4660
67 442 134 488 nn.
149 445 198 490 iv.
214 443 262 491 ns
274 439 411 490 nonnis
421 440 618 504 cainone,
631 430 700 488 etc.
719 438 831 488 sr1sr.
848 438 949 486 svnt.
978 413 1048 488 233
1101 467 1104 476 ·

42 581 76 628 se
93 573 279 655 oporteat.
309 561 433 654 Atque
454 558 598 638 utinam
619 579 782 653 praesens
797 579 950 652 quoque
967 578 1045 624 me·

35 673 145 746 dendi
160 676 255 746 ratio
275 668 471 771 nunquam
486 673 548 744 hic
567 673 792 743 detrimenta
815 671 877 740 illa
896 671 1043 768 gravia,

41 807 73 860 et
91 791 286 864 interdum
312 789 459 862 funesta
490 789 693 878 attulisset,
725 815 807 885 quae
823 773 1046 858 ‘laudatores

42 911 165 980 nescio
189 911 257 1006 qui
275 911 376 980 inter
393 909 669 979 commentitias
692 905 870 1004 quasdam
894 904 1046 1002 positio·

41 1049 102 1096 nes
133 1049 236 1114 suas,
266 1040 303 1096 et
330 1041 569 1122 exaggeratas
595 1024 847 1110 narrationes,
874 1021 1047 1094 dissimu-

41 1140 133 1231 lant,
150 1158 324 1239 essetque
343 1159 545 1240 propterea
565 1143 706 1214 caeteris
732 1155 917 1239 perpetuo
941 1153 1044 1210 ante·

43 1255 199 1330 ferenda.
220 1260 293 1332 Sed
313 1285 395 1356 quae
414 1259 676 1357 superioribus
696 1256 933 1356 temporibus
949 1256 1048 1327 acci·

46 1373 195 1466 derunt,
214 1393 252 1462 et
278 1403 360 1474 quae
380 1401 484 1448 nunc
501 1377 589 1448 alibi
609 1375 724 1465 fiunt,
752 1390 788 1446 ct
815 1373 879 1446 hic
904 1374 1045 1446 iterum

45 1488 122 1564 fieri
151 1495 356 1592 incipiunt,
388 1509 625 1591 spectantes,
651 1519 769 1570 novas
799 1491 1044 1590 hiciquoque
1101 1526 1107 1536 ·
1152 1519 1153 1528 ¹

45 1610 314 1684 vicissitudines
341 1611 477 1682 iterum
509 1604 588 1683 non
624 1627 820 1710 expectare
853 1635 932 1682 non
960 1633 1045 1709 pos·

47 1743 138 1798 sunt.
159 1731 243 1798 Non
272 1726 388 1824 modo
418 1727 644 1828 hydrargyri
674 1727 907 1826 deglutiendi
935 1752 1048 1816 usuS,

47 1843 105 1914 sed
124 1859 159 1916 et
171 1845 227 1916 vis
242 1845 494 1942 quarumdam
509 1846 610 1918 illius
626 1848 899 1944 proprietatum
916 1845 1045 1917 adver·

49 1983 104 2030 sus
128 1961 229 2034 hunc
256 1963 434 2064 morbum
463 1989 543 2034 non
575 1965 703 2061 ignota
740 1962 832 2034 olim
860 1964 1046 2048 Patavinis

50 2075 334 2170 professoribus,
362 2081 393 2150 si
422 2078 518 2152 forte
543 2083 715 2161 eminus
743 2080 944 2152 doctorum
967 2105 1046 2152 me·

50 2195 161 2266 moria
190 2195 426 2283 exciderant,
453 2212 553 2270 certe
584 2198 756 2270 excidere
783 2223 912 2270 rursus
938 2181 1045 2295 pote·

51 2325 150 2398 runt,
178 2310 246 2382 ubi
264 2315 358 2383 ratio
380 2313 451 2383 alia
473 2329 510 2385 et
539 2314 737 2404 medendi,
763 2331 800 2386 et
834 2315 1047 2413 explicandi

51 2427 141 2522 apud
157 2429 359 2526 plerosque
377 2430 588 2502 invaluerit.
605 2436 692 2504 Non
709 2449 802 2530 puto
820 2448 945 2504 autem
965 2457 1045 2504 esse

53 2557 85 2613 te
101 2546 360 2640 quaesiturum,
381 2549 445 2644 qui
463 2545 692 2645 professores
709 2547 763 2618 illi
783 2545 944 2634 fuerint,
958 2573 1046 2618 cum

55 2660 280 2760 Falloppium
301 2661 637 2758 (1),T0mitanum
658 2663 731 2760 (a),
763 2666 959 2734 Saxoniam
973 2663 1045 2762 (3),

55 2801 96 2847 ne
122 2780 213 2851 alios
245 2783 442 2852 nominem
473 2781 626 2878 legisse,
656 2795 693 2852 te
726 2782 859 2852 sciam:
883 2784 1049 2878 quorum

54 2894 195 2969 ultimus
212 2923 293 2968 non
308 2924 387 2970 uno
400 2898 515 2970 modo
535 2899 745 2972 exhibitum
757 2897 936 2972 describit
949 2925 1049 2972 mer-

57 3016 215 3101 curium,
233 3015 273 3085 id
291 3031 346 3088 est
368 3040 455 3088 cum
484 3017 713 3105 catharticis,
744 3031 781 3087 et
806 3017 886 3088 sine
907 3017 986 3106 his,
1007 3033 1050 3090 ut
1073 3088 1075 3092 ,

60 3131 270 3226 quibusdam
297 3149 447 3234 sputum
482 3139 672 3232 copiosum
704 3139 899 3223 eoect'taret,
928 3134 1051 3208 hunc-

62 3272 127 3342 que
143 3265 270 3322 narrat
297 3266 390 3322 tunc
406 3253 541 3323 Pativii
555 3253 594 3322 in
618 3277 690 3323 usu
707 3249 820 3324 fuisse
840 3251 1046 3349 professori

62 3379 93 3434 et
117 3366 266 3438 medico
291 3367 538 3440 celeberrimo
559 3369 754 3440 Albertino
774 3373 948 3442 Bottono.
975 3375 1054 3442 Nec

66 3479 215 3556 dubium
233 3500 290 3558 est
308 3486 402 3582 quin
426 3487 467 3574 ii,
488 3487 553 3583 qui
576 3485 755 3584 deinceps
779 3487 819 3558 in
848 3487 922 3560 hoc
949 3512 1054 3584 gym-

95 3778 104 3848 <
109 3778 134 3858 1)
155 3786 254 3840 Tract.
268 3784 306 3840 de
320 3784 428 3842 morbo
444 3786 512 3860 gall.
526 3805 552 3840 c.
567 3803 614 3860 79.

96 3880 137 3958 (a)
156 3885 200 3942 De
212 3885 322 3940 morbo
335 3886 402 3960 gall.
415 3887 434 3940 l.
452 3904 485 3954 a,
499 3905 524 3941 c.
542 3883 591 3942 15.
624 3887 626 3894 '

99 3977 138 4060 (3)
159 3985 256 4042 Tract.
272 3985 384 4066 deLue
396 4003 495 4042 vener.
508 4005 534 4042 c.
549 4003 597 4044 aa.
