2782 4652
53 421 964 504 ma.v.nntnnnan1sanmnsemitonorummr.
992 423 1061 522 437

51 563 264 637 intra'dies
281 565 453 663 quinque
481 559 691 663 phlegmon
713 559 866 649 occidit.
896 567 1077 644 Armetass'
1168 655 1171 664 .

53 707 172 781 carpo
191 683 297 754 'enim
312 705 424 780 quem
446 667 576 767 aiatea,
594 680 686 753 dum
706 680 836 754 furens
865 681 1069 754 vehemen-

51 801 128 872 tius
164 781 211 877 se
254 797 444 898 agitabat,
488 800 741 895 circumjectax
765 797 887 871 ferrea
917 798 1069 872 vincula

55 916 341 1005 contuderaut,
359 915 565 1014 incipieus,
589 913 636 987 ad
648 915 853 988 brachium*
865 914 976 1003 inde,
996 931 1071 988 eta

54 1031 221 1105 brachio
240 1033 287 1105 ad
311 1032 515 1106 humerum
539 1027 678 1130 magno
705 1034 851 1132 impetu
876 1047 912 1104 et
941 1032 1072 1103 celeri·

56 1166 131 1224 tate
158 1176 202 1224 sc
230 1129 458 1225 exienderat.
494 1148 607 1241 Quod
636 1149 728 1222 dum
754 1150 878 1247 leges,
895 1150 1072 1222 Valsalvae
1170 1154 1176 1164 '

58 1270 290 1356 consilium,
311 1293 410 1344 ame
433 1266 502 1340 tibi
519 1268 608 1340 alias
622 1265 676 1364 (ι)
697 1282 969 1353 memoratum,
995 1267 1074 1339 lau·
1118 1299 1119 1303 ¹

58 1385 192 1474 dabis,
227 1384 349 1490 firmis
377 1384 531 1483 quidem
554 1383 716 1456 vinculis
734 1408 798 1457 eos
819 1386 887 1482 qui
911 1381 1075 1470 furiunt,

59 1504 125 1577 sed
153 1505 325 1576 minime
348 1501 472 1592 duris,
500 1500 731 1576 continendi.
769 1507 952 1574 Caeterum
970 1500 1075 1600 quod

60 1622 107 1694 ad
118 1645 214 1694 eam
234 1623 368 1694 attinet
386 1619 702 1721 arteriotoruiam,
722 1619 813 1691 nolo
832 1634 869 1690 te
883 1621 1075 1718 ignorare,
1166 1673 1169 1683 ,

61 1763 149 1811 cum
175 1738 339 1818 studiosi
362 1743 525 1810 iuvenes
547 1762 568 1808 a
587 1737 656 1810 'me
677 1723 890 1835 petiissent,
913 1753 954 1808 ut
968 1753 1077 1878 grte-

61 1859 228 1930 riam'in'
249 1855 313 1928 illa
337 1855 525 1955 ipsatarsi
552 1870 659 1954 parte
680 1853 749 1926 uhi
773 1855 993 2042 incidenh
1005 1870 1079 1946 est,
1162 1897 1165 1912 v

62 1976 186 2074 retegi
199 1971 396 2072 juberem,
413 1971 549 2054 vidiss'c
568 1997 662 2061 nos,
689 1996 771 2044 eam
784 1995 868 2043 non
883 1996 931 2044 su
996 1996 1079 2042 om-

64 2091 251 2164 munibus
265 2090 353 2164 solis
372 2092 670 2189 integumentis„
702 2113 836 2162 verum
871 2093 982 2162 etiam
997 2088 1080 2160 ‘sub

67 2207 318 2300 tendinibust,
344 2208 482 2308 digitos
508 2201 818 2304 extendentibus,
848 2209 889 2279 iu
910 2231 956 2280 eo
982 2221 1082 2280 certe

71 2350 242 2425 corpore
257 2327 428 2422 jacuisse.
458 2367 460 2378 ν
802 2347 804 2352 ·
896 2389 909 2424 Α,

77 2471 81 2485 ·
119 2451 178 2534 14.
212 2448 424 2541 Antequam
450 2443 640 2517 scribendi
664 2442 780 2516 finem
811 2441 931 2527 facio,
957 2431 1095 2540 placet

69 2585 207 2633 casum
224 2583 304 2630 uon
317 2561 513 2650 omittere,
539 2585 655 2658 quem
679 2561 836 2650 Patavii,
855 2559 1083 2656 anno'175d,

72 2677 292 2750 observavit
317 2675 504 2768 medicus,
528 2678 635 2772 cujus
661 2676 757 2746 mihi
776 2675 870 2747 fides
896 2669 1084 2774 spectatis·

73 2798 169 2868 sima
201 2809 266 2866 est.
300 2795 387 2866 Non
414 2792 478 2865 ille
507 2791 669 2890 quidem
702 2792 750 2863 ad
779 2789 1085 2890 hydrophobiam

75 2936 235 3010 prorsus
257 2912 410 2999 attinet3
441 2910 586 2982 accedit
600 2926 757 2998 ttamen,
776 2925 813 2980 et
835 2909 944 3007 plura
973 2903 1088 2982 habet

79 3053 161 3126 quae
183 3030 341 3101 attinere
358 3026 575 3115 rideantur,
591 3025 911 3128 quemadmodum
925 3051 970 3098 ex
979 3026 1086 3098 brevi

81 3147 161 3241 ejus
182 3146 421 3236 narratione,
441 3161 478 3218 et
497 3143 712 3247 perpaucis,
731 3168 824 3242 quas
839 3139 994 3233 addam,
1014 3144 1090 3215 aui·

81 3257 406 3360 madversionibus
429 3281 644 3362 cognosces.
680 3259 775 3334 Felis
793 3258 840 3333 ab
865 3259 1089 3358 adveniente

85 3380 218 3454 catello
242 3381 406 3469 timens,
421 3405 469 3452 ne
497 3378 606 3452 toetui
635 3399 749 3478 quem
770 3379 879 3451 enixa
903 3393 983 3450 erat
1009 3401 1090 3450 non

85 3497 135 3570 ita
167 3497 355 3597 pridem,
380 3509 560 3588 noceret,
594 3491 750 3570 adversa
759 3500 770 3534 *¹
783 3497 960 3568 occurrit.
997 3494 1094 3566 Felis

89 3612 266 3688 dominus
302 3613 493 3688 catellum*
509 3615 550 3686 in
580 3603 690 3688 ulnas
732 3615 878 3714 recipit.
915 3607 1094 3710 Improba

92 3827 1095 3856 w

133 3985 176 4067 (a)
198 3988 294 4065 Epist.
311 3987 400 4061 8,‘n.
418 3987 448 4048 5.
