2782 4652
93 496 105 534 ,-
123 447 994 526 trev.nninnrnmsanmn.snrnnron.nr1sr.'nx.
1022 445 1095 540 405

99 615 144 662 ex
160 589 330 686 jecinore
344 585 714 662 venastraducendas
729 571 1003 683 spectantibus,
1017 611 1098 685 quae

101 709 131 778 si
148 708 189 778 in
208 729 304 778 cavae
328 720 507 777 truncum
538 701 636 774 inira
665 699 927 801 diaphragma,
950 719 992 800 ut
1020 705 1101 804 pie·

3 879 4 882 ,
100 848 264 922 rumque
276 824 422 912 soient,
440 847 539 910 non,
556 835 598 892 ut
617 819 702 910 hic,
724 833 834 918 supra
863 843 901 892 se
924 822 1100 892 immisis-

102 957 207 1040 sent,
224 965 302 1014 non
320 941 410 1028 tria,
430 938 495 1012 sed
513 961 632 1010 unum
662 935 790 1010 fuisset
807 940 845 1012 in
860 937 1014 1010 tendine
1035 937 1101 1012 illo

102 1047 286 1131 foramen.
296 1061 407 1152 Astus
416 1079 570 1153 quoque
579 1056 791 1153 superiores
801 1056 987 1154 peculiare
1000 1055 1107 1154 quid·

2 1193 5 1233 ῑ
103 1175 191 1248 dam
204 1172 381 1247 habuere.
398 1167 492 1245 Cum
512 1173 777 1270 enimlongum
785 1171 991 1269 palmarem
1006 1169 1104 1244 musss

104 1292 234 1364 culum
260 1292 300 1360 in
318 1288 475 1362 brachio
502 1289 655 1361 dextero
680 1315 759 1360 non
790 1290 841 1360 ita
859 1305 902 1360 ut
919 1288 966 1360 ad
992 1290 1105 1387 origi-

2 1431 3 1438 *
104 1433 194 1480 nem
218 1407 330 1494 solet,
360 1429 544 1495 crassum,
577 1422 613 1478 et
644 1431 842 1494 carneum,
878 1405 1026 1480 sedvel
1052 1406 1105 1478 ibi

103 1543 281 1612 tenuem5
311 1538 348 1596 et
370 1521 487 1595 ferme
514 1513 741 1598 tendineum
760 1549 839 1596 esse
872 1523 1108 1594 animadver*¹

105 1645 251 1730 tissem;
268 1655 450 1714 retectum
465 1655 589 1713 autem
615 1641 660 1711 in
675 1641 844 1728 sinistro,
862 1665 939 1713 esse
959 1639 1104 1714 ad'ori·
1134 1687 1136 1690 -

1 1786 5 1796 ·
108 1761 233 1859 ginem
252 1759 508 1856 conspicerem
525 1756 641 1857 duplo
650 1783 763 1857 quam
775 1757 991 1845 dexterum,
1007 1782 1108 1856 eras·-

1 1919 2 1930 κ
107 1879 208 1949 siore
235 1899 367 1963 carne,
385 1890 423 1946 et
441 1873 591 1972 longius
607 1875 875 1962 descendente3
895 1875 979 1972 quis
995 1875 1107 1970 hujus

1 2034 2 2039 =
109 1994 336 2066 discriminis
352 1989 528 2078 effectus,
555 2007 592 2064 et
608 1991 691 2090 quai
709 2019 754 2065 err
770 2007 878 2092 parte
897 2016 1006 2064 causa
1026 1991 1109 2064 fuis-

2 2176 5 2181 Α
110 2127 183 2200 set,
202 2109 426 2208 suspicatus,
443 2134 488 2180 ex
514 2134 607 2182 anus
630 2110 845 2183 domesticis
875 2111 992 2207 quaeri
1015 2111 1110 2206 jussi

1 2293 2 2298 ,
108 2255 160 2300 an
181 2225 276 2302 forte
301 2235 370 2326 pro
389 2226 540 2300 dextera
560 2251 692 2316 manu,
706 2231 761 2300 uti
782 2229 929 2301 sini-stra
952 2251 1110 2301 consue·

1 2377 5 2386 ·
110 2347 245 2433 visset,
276 2346 342 2442 qui
376 2347 429 2416 sic
463 2369 594 2444 reapse
625 2348 860 2418 consuevisse
890 2345 1111 2419 retuterunt.

110 2469 255 2536 Verum
272 2461 352 2534 huc
370 2464 488 2561 magis
504 2478 673 2560 spectant
694 2465 827 2563 quaein
850 2463 1006 2536 artubus
1023 2463 1113 2535 inse·

1 2645 3 2654 ,
109 2579 1114 2679 rioribusclaudaehujusfemincedeprehendi.Claudi-

1 2729 3 2740 ·
113 2713 263 2772 caverat
290 2699 328 2767 in
370 2697 467 2768 latus
500 2697 695 2769 dexterum
726 2727 734 2768 :
769 2725 893 2796 neque
929 2722 1038 2770 causa
1072 2698 1112 2768 in

1 2871 3 2886 .
113 2815 367 2902 luxationem,
386 2839 468 2912 quae
485 2814 588 2885 nulia
606 2831 708 2904 erat,·
721 2841 845 2914 neque
859 2817 896 2886 in
916 2815 1113 2888 acetabula

1 2997 2 3002 ,
113 2931 248 3008 referri
260 2947 424 3030 poterat,
447 2933 599 3030 quippe
611 2959 694 3030 quae
712 2935 810 3004 inter
826 2958 864 3006 se
882 2943 1115 3031 comparata,

116 3075 189 3124 nec
220 3048 326 3138 sede,
350 3073 420 3120 nec
449 3051 597 3146 positu,
626 3073 697 3122 nec
727 3047 981 3148 profunditate
1007 3049 1116 3148 quidss

118 3187 234 3266 quam
255 3165 479 3240 discriminis
507 3165 766 3239 ostendebant.
798 3169 904 3240 Arsi
931 3165 1119 3240 femorum

120 3309 203 3358 ossa
218 3286 317 3358 inter
335 3307 373 3356 se
391 3281 599 3372 conferres,
618 3284 771 3357 evidens
798 3289 897 3358 inter
913 3302 1119 3383 utrumque

120 3401 325 3503 apparebat
342 3399 562 3487 discrimen,
588 3425 632 3472 ex
652 3427 727 3499 quo
754 3402 979 3502 intelligeres
996 3405 1121 3474 artum

121 3522 316 3596 dexterum
327 3517 477 3590 sinistro
487 3516 719 3623 breviorem,
735 3535 777 3592 ut
793 3546 923 3620 reapse
937 3536 1034 3609 erat,
1044 3542 1123 3590 esse

122 3621 274 3710 debere'.
287 3640 338 3708 Os
347 3637 448 3706 enim
466 3632 617 3709 femoris
635 3636 829 3709 dexterum
839 3651 944 3710 tanto
957 3651 1036 3707 erat
1045 3633 1127 3726 bre·

123 3757 212 3827 vius
238 3754 409 3844 sinistro,
445 3767 488 3826 nt
516 3756 547 3826 si
576 3769 782 3853 utrumque
810 3757 916 3851 juxta
947 3776 1125 3850 ponerer,

127 3893 274 3942 summa
285 3871 415 3968 capitis
430 3871 532 3942 illius
549 3895 634 3969 pars
652 3869 788 3942 infimae
807 3872 921 3967 hujus
937 3871 1034 3966 parti
1054 3892 1128 3938 res·

126 3987 325 4088 ponderet.
364 3992 483 4066 Causa
522 4003 645 4061 autem
680 3988 794 4086 hrrjus
830 3987 1021 4062 brevitatis
1051 3999 1130 4057 erat
