<?xml version="1.0" encoding="UTF-8"?>
<!DOCTYPE html PUBLIC "-//W3C//DTD XHTML 1.0 Transitional//EN"
    "http://www.w3.org/TR/xhtml1/DTD/xhtml1-transitional.dtd">
<html xmlns="http://www.w3.org/1999/xhtml" xml:lang="en" lang="en">
 <head>
  <title>
</title>
<meta http-equiv="Content-Type" content="text/html;charset=utf-8" />
  <meta name='ocr-system' content='tesseract 3.04.00' />
  <meta name='ocr-capabilities' content='ocr_page ocr_carea ocr_par ocr_line ocrx_word'/>
</head>
<body>
  <div class='ocr_page' id='page_1' title='image "./desedibusetcaus02adelgoog_0503.png"; bbox 0 0 2824 4652; ppageno 0'>
   <div class='ocr_carea' id='block_1_1' title="bbox 293 377 1146 468">
    <p class='ocr_par' dir='ltr' id='par_1_1' title="bbox 293 377 1146 468">
     <span class='ocr_line' id='line_1_1' title="bbox 293 377 1146 468; baseline -0.004 -6"><span class='ocrx_word' id='word_1_1' title='bbox 293 377 363 462; x_wconf 74' lang='lat' dir='ltr'><strong>bri</strong></span> <span class='ocrx_word' id='word_1_2' title='bbox 460 411 507 460; x_wconf 85' lang='lat' dir='ltr'><strong>un</strong></span> <span class='ocrx_word' id='word_1_3' title='bbox 533 407 684 462; x_wconf 81' lang='lat' dir='ltr'><strong>sautans</strong></span> <span class='ocrx_word' id='word_1_4' title='bbox 708 409 753 458; x_wconf 80' lang='lat' dir='ltr'><strong>nr</strong></span> <span class='ocrx_word' id='word_1_5' title='bbox 777 407 906 460; x_wconf 82' lang='lat' dir='ltr'><strong>causis</strong></span> <span class='ocrx_word' id='word_1_6' title='bbox 931 407 1146 468; x_wconf 79' lang='lat' dir='ltr'><strong>noanoauu</strong></span> 
     </span>
    </p>
   </div>
   <div class='ocr_carea' id='block_1_2' title="bbox 185 513 1402 4054">
    <p class='ocr_par' dir='ltr' id='par_1_2' title="bbox 228 513 1399 2502">
     <span class='ocr_line' id='line_1_2' title="bbox 290 513 1396 621; baseline -0.003 -27"><span class='ocrx_word' id='word_1_7' title='bbox 290 519 423 602; x_wconf 88' lang='lat' dir='ltr'><strong>habuit</strong></span> <span class='ocrx_word' id='word_1_8' title='bbox 450 543 587 596; x_wconf 88' lang='lat' dir='ltr'><strong>sanos:</strong></span> <span class='ocrx_word' id='word_1_9' title='bbox 612 519 736 598; x_wconf 89' lang='lat' dir='ltr'><strong>cordis</strong></span> <span class='ocrx_word' id='word_1_10' title='bbox 769 536 895 594; x_wconf 89' lang='lat' dir='ltr'><strong>autem</strong></span> <span class='ocrx_word' id='word_1_11' title='bbox 922 521 1165 621; x_wconf 88' lang='lat' dir='ltr'><strong>superficiem</strong></span> <span class='ocrx_word' id='word_1_12' title='bbox 1195 513 1310 592; x_wconf 81' lang='lat' dir='ltr'><strong>ferme</strong></span> <span class='ocrx_word' id='word_1_13' title='bbox 1393 548 1396 559; x_wconf 94' lang='lat'>·</span> 
     </span>
     <span class='ocr_line' id='line_1_3' title="bbox 291 623 1397 739; baseline -0.009 -23"><span class='ocrx_word' id='word_1_14' title='bbox 291 655 408 716; x_wconf 88' lang='lat' dir='ltr'><strong>totam</strong></span> <span class='ocrx_word' id='word_1_15' title='bbox 425 639 542 712; x_wconf 91' lang='lat' dir='ltr'><strong>multa</strong></span> <span class='ocrx_word' id='word_1_16' title='bbox 554 639 743 738; x_wconf 86' lang='lat' dir='ltr'><strong>,duraque</strong></span> <span class='ocrx_word' id='word_1_17' title='bbox 756 639 988 739; x_wconf 84' lang='lat' dir='ltr'>pinguedine</span> <span class='ocrx_word' id='word_1_18' title='bbox 1003 644 1310 739; x_wconf 77' lang='lat' dir='ltr'><strong>opertamVenae</strong></span> <span class='ocrx_word' id='word_1_19' title='bbox 1396 623 1397 631; x_wconf 9' lang='grc' dir='ltr'>ἵ</span> 
     </span>
     <span class='ocr_line' id='line_1_4' title="bbox 292 752 1311 858; baseline -0.005 -28"><span class='ocrx_word' id='word_1_20' title='bbox 292 757 529 858; x_wconf 86' lang='lat' dir='ltr'><strong>pulmonaris</strong></span> <span class='ocrx_word' id='word_1_21' title='bbox 547 757 651 832; x_wconf 90' lang='lat' dir='ltr'><strong>sinus</strong></span> <span class='ocrx_word' id='word_1_22' title='bbox 666 781 710 830; x_wconf 89' lang='lat' dir='ltr'><strong>ea</strong></span> <span class='ocrx_word' id='word_1_23' title='bbox 726 752 796 830; x_wconf 83' lang='lat' dir='ltr'><strong>fuit</strong></span> <span class='ocrx_word' id='word_1_24' title='bbox 817 756 1087 856; x_wconf 88' lang='lat' dir='ltr'><strong>amplitudine,</strong></span> <span class='ocrx_word' id='word_1_25' title='bbox 1106 773 1153 830; x_wconf 92' lang='lat' dir='ltr'><strong>ut</strong></span> <span class='ocrx_word' id='word_1_26' title='bbox 1180 779 1311 828; x_wconf 86' lang='lat' dir='ltr'><strong>omnes</strong></span> 
     </span>
     <span class='ocr_line' id='line_1_5' title="bbox 292 872 1311 963; baseline -0.006 -15"><span class='ocrx_word' id='word_1_27' title='bbox 292 889 434 948; x_wconf 89' lang='lat' dir='ltr'><strong>tantam</strong></span> <span class='ocrx_word' id='word_1_28' title='bbox 465 873 721 947; x_wconf 85' lang='lat' dir='ltr'>dilatationem</span> <span class='ocrx_word' id='word_1_29' title='bbox 746 873 996 963; x_wconf 79' lang='lat' dir='ltr'><strong>mirarentur,</strong></span> <span class='ocrx_word' id='word_1_30' title='bbox 1033 876 1188 947; x_wconf 91' lang='lat' dir='ltr'><strong>carneis</strong></span> <span class='ocrx_word' id='word_1_31' title='bbox 1210 872 1311 945; x_wconf 88' lang='lat' dir='ltr'><strong>fibris</strong></span> 
     </span>
     <span class='ocr_line' id='line_1_6' title="bbox 292 983 1307 1094; baseline -0.002 -30"><span class='ocrx_word' id='word_1_32' title='bbox 292 1017 362 1094; x_wconf 90' lang='lat' dir='ltr'><strong>per</strong></span> <span class='ocrx_word' id='word_1_33' title='bbox 388 983 575 1064; x_wconf 82' lang='lat' dir='ltr'><strong>internam</strong></span> <span class='ocrx_word' id='word_1_34' title='bbox 600 991 687 1088; x_wconf 88' lang='lat' dir='ltr'><strong>ejus</strong></span> <span class='ocrx_word' id='word_1_35' title='bbox 712 987 849 1064; x_wconf 84' lang='lat' dir='ltr'><strong>faciem</strong></span> <span class='ocrx_word' id='word_1_36' title='bbox 883 991 1129 1064; x_wconf 81' lang='lat' dir='ltr'><strong>exstantibus.</strong></span> <span class='ocrx_word' id='word_1_37' title='bbox 1162 996 1214 1064; x_wconf 93' lang='lat' dir='ltr'><strong>In</strong></span> <span class='ocrx_word' id='word_1_38' title='bbox 1235 991 1307 1062; x_wconf 74' lang='lat' dir='ltr'><strong>val.-</strong></span> 
     </span>
     <span class='ocr_line' id='line_1_7' title="bbox 293 1106 1309 1210; baseline -0.003 -27"><span class='ocrx_word' id='word_1_39' title='bbox 293 1109 390 1202; x_wconf 73' lang='lat' dir='ltr'><strong>yulis</strong></span> <span class='ocrx_word' id='word_1_40' title='bbox 421 1131 564 1206; x_wconf 77' lang='lat' dir='ltr'><strong>magna</strong></span> <span class='ocrx_word' id='word_1_41' title='bbox 594 1108 738 1180; x_wconf 77' lang='lat' dir='ltr'><strong>arteria</strong></span> <span class='ocrx_word' id='word_1_42' title='bbox 766 1106 944 1210; x_wconf 81' lang='lat' dir='ltr'><strong>omnibus</strong></span> <span class='ocrx_word' id='word_1_43' title='bbox 970 1111 1118 1208; x_wconf 84' lang='lat' dir='ltr'><strong>Arantii</strong></span> <span class='ocrx_word' id='word_1_44' title='bbox 1150 1131 1309 1208; x_wconf 91' lang='lat' dir='ltr'><strong>corpus·</strong></span> 
     </span>
     <span class='ocr_line' id='line_1_8' title="bbox 294 1224 1399 1328; baseline -0.004 -28"><span class='ocrx_word' id='word_1_45' title='bbox 294 1228 423 1328; x_wconf 82' lang='lat' dir='ltr'><strong>culum</strong></span> <span class='ocrx_word' id='word_1_46' title='bbox 438 1227 479 1299; x_wconf 90' lang='lat' dir='ltr'><strong>in</strong></span> <span class='ocrx_word' id='word_1_47' title='bbox 501 1224 689 1298; x_wconf 84' lang='lat' dir='ltr'><strong>modicam</strong></span> <span class='ocrx_word' id='word_1_48' title='bbox 708 1224 882 1324; x_wconf 90' lang='lat' dir='ltr'><strong>quidem,</strong></span> <span class='ocrx_word' id='word_1_49' title='bbox 918 1225 984 1300; x_wconf 89' lang='lat' dir='ltr'><strong>sed</strong></span> <span class='ocrx_word' id='word_1_50' title='bbox 1005 1225 1261 1323; x_wconf 78' lang='lat' dir='ltr'><strong>inaequalem,</strong></span> <span class='ocrx_word' id='word_1_51' title='bbox 1277 1239 1309 1297; x_wconf 90' lang='lat' dir='ltr'><strong>et</strong></span> <span class='ocrx_word' id='word_1_52' title='bbox 1391 1298 1399 1321; x_wconf 40' lang='lat'><em>⁶</em></span> 
     </span>
     <span class='ocr_line' id='line_1_9' title="bbox 295 1343 1310 1444; baseline -0.003 -26"><span class='ocrx_word' id='word_1_53' title='bbox 295 1370 340 1422; x_wconf 82' lang='lat' dir='ltr'><strong>ex</strong></span> <span class='ocrx_word' id='word_1_54' title='bbox 368 1359 474 1444; x_wconf 89' lang='lat' dir='ltr'><strong>parte</strong></span> <span class='ocrx_word' id='word_1_55' title='bbox 493 1367 645 1438; x_wconf 89' lang='lat' dir='ltr'><strong>osseam</strong></span> <span class='ocrx_word' id='word_1_56' title='bbox 672 1345 964 1417; x_wconf 82' lang='lat' dir='ltr'><strong>excrescentiam</strong></span> <span class='ocrx_word' id='word_1_57' title='bbox 991 1358 1189 1442; x_wconf 84' lang='lat' dir='ltr'><strong>mutatum</strong></span> <span class='ocrx_word' id='word_1_58' title='bbox 1221 1343 1310 1434; x_wconf 74' lang='lat' dir='ltr'><strong>vidi-</strong></span> 
     </span>
     <span class='ocr_line' id='line_1_10' title="bbox 228 1449 1310 1558; baseline -0.006 -20"><span class='ocrx_word' id='word_1_59' title='bbox 228 1449 233 1454; x_wconf 39' lang='lat'>¹</span> <span class='ocrx_word' id='word_1_60' title='bbox 295 1487 397 1552; x_wconf 88' lang='lat' dir='ltr'><strong>mus,</strong></span> <span class='ocrx_word' id='word_1_61' title='bbox 416 1464 457 1533; x_wconf 93' lang='lat' dir='ltr'><strong>in</strong></span> <span class='ocrx_word' id='word_1_62' title='bbox 483 1461 577 1536; x_wconf 83' lang='lat' dir='ltr'><strong>facie</strong></span> <span class='ocrx_word' id='word_1_63' title='bbox 600 1476 725 1534; x_wconf 89' lang='lat' dir='ltr'><strong>autem</strong></span> <span class='ocrx_word' id='word_1_64' title='bbox 761 1461 941 1538; x_wconf 89' lang='lat' dir='ltr'><strong>interiore</strong></span> <span class='ocrx_word' id='word_1_65' title='bbox 968 1460 1141 1558; x_wconf 87' lang='lat' dir='ltr'><strong>ejusdem</strong></span> <span class='ocrx_word' id='word_1_66' title='bbox 1169 1462 1310 1534; x_wconf 84' lang='lat' dir='ltr'><strong>arteria</strong></span> 
     </span>
     <span class='ocr_line' id='line_1_11' title="bbox 296 1577 1308 1680; baseline -0.005 -25"><span class='ocrx_word' id='word_1_67' title='bbox 296 1594 377 1655; x_wconf 92' lang='lat' dir='ltr'><strong>toto</strong></span> <span class='ocrx_word' id='word_1_68' title='bbox 389 1603 434 1652; x_wconf 88' lang='lat' dir='ltr'><strong>eo</strong></span> <span class='ocrx_word' id='word_1_69' title='bbox 452 1594 576 1654; x_wconf 90' lang='lat' dir='ltr'><strong>tractu</strong></span> <span class='ocrx_word' id='word_1_70' title='bbox 592 1603 671 1678; x_wconf 89' lang='lat' dir='ltr'><strong>quo</strong></span> <span class='ocrx_word' id='word_1_71' title='bbox 687 1578 735 1652; x_wconf 89' lang='lat' dir='ltr'><strong>ab</strong></span> <span class='ocrx_word' id='word_1_72' title='bbox 752 1602 861 1653; x_wconf 85' lang='lat' dir='ltr'><strong>arcus</strong></span> <span class='ocrx_word' id='word_1_73' title='bbox 882 1577 977 1668; x_wconf 86' lang='lat' dir='ltr'><strong>fine,</strong></span> <span class='ocrx_word' id='word_1_74' title='bbox 992 1578 1041 1651; x_wconf 89' lang='lat' dir='ltr'><strong>ad</strong></span> <span class='ocrx_word' id='word_1_75' title='bbox 1059 1577 1308 1680; x_wconf 84' lang='lat' dir='ltr'><strong>diaphragma</strong></span> 
     </span>
     <span class='ocr_line' id='line_1_12' title="bbox 294 1694 1308 1798; baseline -0.002 -26"><span class='ocrx_word' id='word_1_76' title='bbox 294 1723 416 1798; x_wconf 90' lang='lat' dir='ltr'><strong>usque</strong></span> <span class='ocrx_word' id='word_1_77' title='bbox 453 1694 736 1788; x_wconf 77' lang='lat' dir='ltr'><strong>descendebat,</strong></span> <span class='ocrx_word' id='word_1_78' title='bbox 765 1721 889 1770; x_wconf 89' lang='lat' dir='ltr'><strong>osseas</strong></span> <span class='ocrx_word' id='word_1_79' title='bbox 929 1696 1068 1796; x_wconf 88' lang='lat' dir='ltr'><strong>passim</strong></span> <span class='ocrx_word' id='word_1_80' title='bbox 1111 1696 1308 1788; x_wconf 83' lang='lat' dir='ltr'><strong>bracteas,</strong></span> 
     </span>
     <span class='ocr_line' id='line_1_13' title="bbox 297 1813 1309 1914; baseline -0.002 -26"><span class='ocrx_word' id='word_1_81' title='bbox 297 1817 468 1914; x_wconf 90' lang='lat' dir='ltr'><strong>quamvis</strong></span> <span class='ocrx_word' id='word_1_82' title='bbox 492 1839 572 1888; x_wconf 92' lang='lat' dir='ltr'><strong>non</strong></span> <span class='ocrx_word' id='word_1_83' title='bbox 596 1837 773 1914; x_wconf 78' lang='lat' dir='ltr'><strong>magnas,</strong></span> <span class='ocrx_word' id='word_1_84' title='bbox 796 1830 833 1888; x_wconf 89' lang='lat' dir='ltr'><strong>et</strong></span> <span class='ocrx_word' id='word_1_85' title='bbox 866 1815 1080 1888; x_wconf 87' lang='lat' dir='ltr'><strong>tenuiores:</strong></span> <span class='ocrx_word' id='word_1_86' title='bbox 1101 1813 1200 1887; x_wconf 90' lang='lat' dir='ltr'><strong>inde</strong></span> <span class='ocrx_word' id='word_1_87' title='bbox 1226 1837 1309 1888; x_wconf 79' lang='lat' dir='ltr'><strong>vero</strong></span> 
     </span>
     <span class='ocr_line' id='line_1_14' title="bbox 296 1931 1310 2032; baseline -0.001 -26"><span class='ocrx_word' id='word_1_88' title='bbox 296 1933 345 2006; x_wconf 90' lang='lat' dir='ltr'><strong>ad</strong></span> <span class='ocrx_word' id='word_1_89' title='bbox 359 1931 583 2008; x_wconf 88' lang='lat' dir='ltr'><strong>divisionem</strong></span> <span class='ocrx_word' id='word_1_90' title='bbox 604 1935 780 2030; x_wconf 89' lang='lat' dir='ltr'><strong>usquein</strong></span> <span class='ocrx_word' id='word_1_91' title='bbox 800 1933 942 2020; x_wconf 83' lang='lat' dir='ltr'><strong>iliacas,</strong></span> <span class='ocrx_word' id='word_1_92' title='bbox 964 1948 1001 2004; x_wconf 87' lang='lat' dir='ltr'><strong>et</strong></span> <span class='ocrx_word' id='word_1_93' title='bbox 1019 1933 1060 2002; x_wconf 93' lang='lat' dir='ltr'><strong>in</strong></span> <span class='ocrx_word' id='word_1_94' title='bbox 1079 1933 1208 2006; x_wconf 82' lang='lat' dir='ltr'><strong>iliacis</strong></span> <span class='ocrx_word' id='word_1_95' title='bbox 1228 1934 1310 2032; x_wconf 90' lang='lat' dir='ltr'><strong>ipsis</strong></span> 
     </span>
     <span class='ocr_line' id='line_1_15' title="bbox 296 2047 1307 2138; baseline -0.007 -11"><span class='ocrx_word' id='word_1_96' title='bbox 296 2051 382 2127; x_wconf 84' lang='lat' dir='ltr'><strong>alba</strong></span> <span class='ocrx_word' id='word_1_97' title='bbox 398 2050 578 2124; x_wconf 78' lang='lat' dir='ltr'><strong>duntaxat</strong></span> <span class='ocrx_word' id='word_1_98' title='bbox 595 2048 745 2122; x_wconf 88' lang='lat' dir='ltr'><strong>illarum</strong></span> <span class='ocrx_word' id='word_1_99' title='bbox 760 2049 999 2124; x_wconf 87' lang='lat' dir='ltr'><strong>bractearum</strong></span> <span class='ocrx_word' id='word_1_100' title='bbox 1018 2047 1307 2138; x_wconf 82' lang='lat' dir='ltr'><strong>inchoamenta,</strong></span> 
     </span>
     <span class='ocr_line' id='line_1_16' title="bbox 298 2165 1310 2258; baseline -0.006 -14"><span class='ocrx_word' id='word_1_101' title='bbox 298 2168 365 2246; x_wconf 88' lang='lat' dir='ltr'><strong>sed</strong></span> <span class='ocrx_word' id='word_1_102' title='bbox 376 2167 668 2258; x_wconf 83' lang='lat' dir='ltr'><strong>confertissimo,</strong></span> <span class='ocrx_word' id='word_1_103' title='bbox 685 2182 724 2240; x_wconf 91' lang='lat' dir='ltr'><strong>et</strong></span> <span class='ocrx_word' id='word_1_104' title='bbox 746 2170 936 2242; x_wconf 89' lang='lat' dir='ltr'><strong>internam</strong></span> <span class='ocrx_word' id='word_1_105' title='bbox 954 2168 1055 2240; x_wconf 89' lang='lat' dir='ltr'><strong>illam</strong></span> <span class='ocrx_word' id='word_1_106' title='bbox 1071 2165 1213 2241; x_wconf 84' lang='lat' dir='ltr'><strong>faciem</strong></span> <span class='ocrx_word' id='word_1_107' title='bbox 1231 2169 1310 2242; x_wconf 77' lang='lat' dir='ltr'><strong>inae-</strong></span> 
     </span>
     <span class='ocr_line' id='line_1_17' title="bbox 298 2285 1308 2386; baseline 0.001 -28"><span class='ocrx_word' id='word_1_108' title='bbox 298 2285 449 2386; x_wconf 89' lang='lat' dir='ltr'><strong>qualem</strong></span> <span class='ocrx_word' id='word_1_109' title='bbox 466 2285 671 2360; x_wconf 85' lang='lat' dir='ltr'><strong>reddentia.</strong></span> <span class='ocrx_word' id='word_1_110' title='bbox 695 2290 832 2384; x_wconf 90' lang='lat' dir='ltr'><strong>Caput,</strong></span> <span class='ocrx_word' id='word_1_111' title='bbox 859 2289 1004 2385; x_wconf 91' lang='lat' dir='ltr'><strong>quippe</strong></span> <span class='ocrx_word' id='word_1_112' title='bbox 1023 2285 1106 2360; x_wconf 89' lang='lat' dir='ltr'><strong>aliis</strong></span> <span class='ocrx_word' id='word_1_113' title='bbox 1128 2285 1308 2386; x_wconf 86' lang='lat' dir='ltr'><strong>deinceps</strong></span> 
     </span>
     <span class='ocr_line' id='line_1_18' title="bbox 298 2402 953 2502; baseline 0 -28"><span class='ocrx_word' id='word_1_114' title='bbox 298 2404 357 2476; x_wconf 89' lang='lat' dir='ltr'><strong>usi</strong></span> <span class='ocrx_word' id='word_1_115' title='bbox 376 2402 639 2493; x_wconf 88' lang='lat' dir='ltr'><strong>cadaveribus,</strong></span> <span class='ocrx_word' id='word_1_116' title='bbox 658 2428 738 2476; x_wconf 91' lang='lat' dir='ltr'><strong>non</strong></span> <span class='ocrx_word' id='word_1_117' title='bbox 753 2403 953 2502; x_wconf 80' lang='lat' dir='ltr'><strong>attigimus</strong></span> 
     </span>
    </p>

    <p class='ocr_par' dir='ltr' id='par_1_3' title="bbox 185 2521 1402 4054">
     <span class='ocr_line' id='line_1_19' title="bbox 293 2521 1397 2620; baseline -0.001 -27"><span class='ocrx_word' id='word_1_118' title='bbox 293 2613 295 2618; x_wconf 16' lang='grc' dir='ltr'><strong><em>Δ</em></strong></span> <span class='ocrx_word' id='word_1_119' title='bbox 349 2523 381 2616; x_wconf 74' lang='lat'><strong>8,</strong></span> <span class='ocrx_word' id='word_1_120' title='bbox 395 2521 533 2620; x_wconf 77' lang='lat' dir='ltr'><strong>igitur,</strong></span> <span class='ocrx_word' id='word_1_121' title='bbox 560 2536 603 2596; x_wconf 89' lang='lat' dir='ltr'><strong>ut</strong></span> <span class='ocrx_word' id='word_1_122' title='bbox 627 2537 777 2614; x_wconf 84' lang='lat' dir='ltr'><strong>caetera,</strong></span> <span class='ocrx_word' id='word_1_123' title='bbox 803 2537 841 2594; x_wconf 92' lang='lat' dir='ltr'><strong>et</strong></span> <span class='ocrx_word' id='word_1_124' title='bbox 866 2521 925 2594; x_wconf 80' lang='lat' dir='ltr'><strong>vel</strong></span> <span class='ocrx_word' id='word_1_125' title='bbox 954 2522 1041 2597; x_wconf 86' lang='lat' dir='ltr'><strong>istas</strong></span> <span class='ocrx_word' id='word_1_126' title='bbox 1070 2521 1306 2595; x_wconf 85' lang='lat' dir='ltr'><strong>valvularurn</strong></span> <span class='ocrx_word' id='word_1_127' title='bbox 1394 2567 1397 2619; x_wconf 66' lang='lat'>3</span> 
     </span>
     <span class='ocr_line' id='line_1_20' title="bbox 297 2639 1304 2740; baseline -0.001 -27"><span class='ocrx_word' id='word_1_128' title='bbox 297 2663 442 2740; x_wconf 84' lang='lat' dir='ltr'><strong>magnae</strong></span> <span class='ocrx_word' id='word_1_129' title='bbox 476 2641 623 2719; x_wconf 76' lang='lat' dir='ltr'><strong>arteriae,</strong></span> <span class='ocrx_word' id='word_1_130' title='bbox 647 2639 919 2730; x_wconf 66' lang='lat' dir='ltr'><strong>excrescentias</strong></span> <span class='ocrx_word' id='word_1_131' title='bbox 954 2641 1304 2738; x_wconf 74' lang='lat' dir='ltr'><strong>praetermittamus,</strong></span> 
     </span>
     <span class='ocr_line' id='line_1_21' title="bbox 296 2748 1306 2857; baseline -0.002 -27"><span class='ocrx_word' id='word_1_132' title='bbox 296 2759 386 2854; x_wconf 84' lang='lat' dir='ltr'><strong>satis</strong></span> <span class='ocrx_word' id='word_1_133' title='bbox 404 2755 524 2845; x_wconf 77' lang='lat' dir='ltr'><strong>vides,</strong></span> <span class='ocrx_word' id='word_1_134' title='bbox 542 2781 591 2829; x_wconf 90' lang='lat' dir='ltr'><strong>ne</strong></span> <span class='ocrx_word' id='word_1_135' title='bbox 610 2781 632 2828; x_wconf 91' lang='lat' dir='ltr'><strong>a</strong></span> <span class='ocrx_word' id='word_1_136' title='bbox 652 2770 755 2830; x_wconf 91' lang='lat' dir='ltr'><strong>tanta</strong></span> <span class='ocrx_word' id='word_1_137' title='bbox 781 2748 936 2855; x_wconf 86' lang='lat' dir='ltr'><strong>quidem</strong></span> <span class='ocrx_word' id='word_1_138' title='bbox 962 2759 1066 2831; x_wconf 91' lang='lat' dir='ltr'><strong>sinus</strong></span> <span class='ocrx_word' id='word_1_139' title='bbox 1089 2783 1198 2830; x_wconf 88' lang='lat' dir='ltr'><strong>venae</strong></span> <span class='ocrx_word' id='word_1_140' title='bbox 1227 2759 1306 2857; x_wconf 90' lang='lat' dir='ltr'><strong>pul·</strong></span> 
     </span>
     <span class='ocr_line' id='line_1_22' title="bbox 298 2873 1397 2974; baseline 0 -28"><span class='ocrx_word' id='word_1_141' title='bbox 298 2876 464 2970; x_wconf 79' lang='lat' dir='ltr'><strong>moneris</strong></span> <span class='ocrx_word' id='word_1_142' title='bbox 483 2874 702 2947; x_wconf 84' lang='lat' dir='ltr'><strong>dilatatione</strong></span> <span class='ocrx_word' id='word_1_143' title='bbox 718 2873 909 2974; x_wconf 90' lang='lat' dir='ltr'><strong>peculiare</strong></span> <span class='ocrx_word' id='word_1_144' title='bbox 924 2875 1050 2948; x_wconf 91' lang='lat' dir='ltr'><strong>ullum</strong></span> <span class='ocrx_word' id='word_1_145' title='bbox 1072 2876 1113 2946; x_wconf 90' lang='lat' dir='ltr'><strong>in</strong></span> <span class='ocrx_word' id='word_1_146' title='bbox 1131 2875 1306 2974; x_wconf 90' lang='lat' dir='ltr'><strong>pulsibus</strong></span> <span class='ocrx_word' id='word_1_147' title='bbox 1394 2902 1397 2911; x_wconf 92' lang='lat'>·</span> 
     </span>
     <span class='ocr_line' id='line_1_23' title="bbox 225 2988 1307 3082; baseline 0.002 -20"><span class='ocrx_word' id='word_1_148' title='bbox 225 3034 234 3043; x_wconf 33' lang='grc' dir='ltr'>κ</span> <span class='ocrx_word' id='word_1_149' title='bbox 297 2992 431 3063; x_wconf 78' lang='lat' dir='ltr'><strong>vitium</strong></span> <span class='ocrx_word' id='word_1_150' title='bbox 455 2988 590 3082; x_wconf 86' lang='lat' dir='ltr'><strong>fuisse,</strong></span> <span class='ocrx_word' id='word_1_151' title='bbox 616 3016 702 3064; x_wconf 90' lang='lat' dir='ltr'><strong>cum</strong></span> <span class='ocrx_word' id='word_1_152' title='bbox 732 3007 859 3066; x_wconf 88' lang='lat' dir='ltr'><strong>tamen</strong></span> <span class='ocrx_word' id='word_1_153' title='bbox 885 2993 1048 3066; x_wconf 52' lang='lat' dir='ltr'><strong>sinister,</strong></span> <span class='ocrx_word' id='word_1_154' title='bbox 1066 2992 1197 3065; x_wconf 90' lang='lat' dir='ltr'><strong>cordis</strong></span> <span class='ocrx_word' id='word_1_155' title='bbox 1221 3019 1307 3064; x_wconf 87' lang='lat' dir='ltr'><strong>ven·</strong></span> 
     </span>
     <span class='ocr_line' id='line_1_24' title="bbox 298 3105 1402 3212; baseline 0.006 -36"><span class='ocrx_word' id='word_1_156' title='bbox 298 3105 475 3204; x_wconf 75' lang='lat' dir='ltr'><strong>niculae,</strong></span> <span class='ocrx_word' id='word_1_157' title='bbox 496 3122 553 3198; x_wconf 89' lang='lat' dir='ltr'><strong>et,</strong></span> <span class='ocrx_word' id='word_1_158' title='bbox 570 3109 676 3206; x_wconf 89' lang='lat' dir='ltr'><strong>quod</strong></span> <span class='ocrx_word' id='word_1_159' title='bbox 695 3111 962 3212; x_wconf 89' lang='lat' dir='ltr'><strong>consequitur,</strong></span> <span class='ocrx_word' id='word_1_160' title='bbox 980 3135 1026 3184; x_wconf 78' lang='lat' dir='ltr'><strong>ex</strong></span> <span class='ocrx_word' id='word_1_161' title='bbox 1044 3107 1118 3182; x_wconf 89' lang='lat' dir='ltr'><strong>hoc</strong></span> <span class='ocrx_word' id='word_1_162' title='bbox 1136 3107 1307 3210; x_wconf 86' lang='lat' dir='ltr'><strong>profecta</strong></span> <span class='ocrx_word' id='word_1_163' title='bbox 1399 3132 1402 3141; x_wconf 91' lang='lat'>·</span> 
     </span>
     <span class='ocr_line' id='line_1_25' title="bbox 296 3225 1306 3326; baseline 0.004 -30"><span class='ocrx_word' id='word_1_164' title='bbox 296 3225 433 3296; x_wconf 90' lang='lat' dir='ltr'><strong>arteria</strong></span> <span class='ocrx_word' id='word_1_165' title='bbox 460 3248 601 3325; x_wconf 82' lang='lat' dir='ltr'><strong>magna</strong></span> <span class='ocrx_word' id='word_1_166' title='bbox 625 3251 705 3300; x_wconf 92' lang='lat' dir='ltr'><strong>non</strong></span> <span class='ocrx_word' id='word_1_167' title='bbox 725 3229 801 3318; x_wconf 88' lang='lat' dir='ltr'><strong>ita,</strong></span> <span class='ocrx_word' id='word_1_168' title='bbox 821 3244 871 3302; x_wconf 84' lang='lat' dir='ltr'><strong>ut</strong></span> <span class='ocrx_word' id='word_1_169' title='bbox 901 3243 1064 3326; x_wconf 87' lang='lat' dir='ltr'><strong>parest,</strong></span> <span class='ocrx_word' id='word_1_170' title='bbox 1091 3228 1237 3325; x_wconf 85' lang='lat' dir='ltr'><strong>justam</strong></span> <span class='ocrx_word' id='word_1_171' title='bbox 1271 3244 1306 3300; x_wconf 93' lang='lat' dir='ltr'><strong>et</strong></span> 
     </span>
     <span class='ocr_line' id='line_1_26' title="bbox 296 3326 1309 3444; baseline 0.005 -32"><span class='ocrx_word' id='word_1_172' title='bbox 296 3341 478 3440; x_wconf 87' lang='lat' dir='ltr'><strong>aequalem</strong></span> <span class='ocrx_word' id='word_1_173' title='bbox 498 3365 647 3442; x_wconf 86' lang='lat' dir='ltr'><strong>semper</strong></span> <span class='ocrx_word' id='word_1_174' title='bbox 665 3347 813 3444; x_wconf 90' lang='lat' dir='ltr'><strong>copiam</strong></span> <span class='ocrx_word' id='word_1_175' title='bbox 832 3326 1023 3444; x_wconf 86' lang='lat' dir='ltr'><strong>sanguinis</strong></span> <span class='ocrx_word' id='word_1_176' title='bbox 1045 3371 1091 3418; x_wconf 83' lang='lat' dir='ltr'><strong>ex</strong></span> <span class='ocrx_word' id='word_1_177' title='bbox 1108 3345 1210 3419; x_wconf 86' lang='lat' dir='ltr'><strong>adeo</strong></span> <span class='ocrx_word' id='word_1_178' title='bbox 1234 3373 1309 3420; x_wconf 85' lang='lat' dir='ltr'><strong>am-</strong></span> 
     </span>
     <span class='ocr_line' id='line_1_27' title="bbox 185 3457 1306 3562; baseline 0.007 -34"><span class='ocrx_word' id='word_1_179' title='bbox 185 3545 186 3550; x_wconf 18' lang='lat'><strong>,</strong></span> <span class='ocrx_word' id='word_1_180' title='bbox 296 3457 463 3560; x_wconf 90' lang='lat' dir='ltr'><strong>plificato</strong></span> <span class='ocrx_word' id='word_1_181' title='bbox 480 3460 566 3534; x_wconf 90' lang='lat' dir='ltr'><strong>sinu</strong></span> <span class='ocrx_word' id='word_1_182' title='bbox 582 3464 748 3560; x_wconf 89' lang='lat' dir='ltr'><strong>potuisse</strong></span> <span class='ocrx_word' id='word_1_183' title='bbox 763 3465 935 3562; x_wconf 87' lang='lat' dir='ltr'><strong>accipere</strong></span> <span class='ocrx_word' id='word_1_184' title='bbox 955 3462 1174 3554; x_wconf 83' lang='lat' dir='ltr'><strong>videantur,</strong></span> <span class='ocrx_word' id='word_1_185' title='bbox 1198 3467 1306 3538; x_wconf 90' lang='lat' dir='ltr'><strong>sicuti</strong></span> 
     </span>
     <span class='ocr_line' id='line_1_28' title="bbox 294 3578 1305 3682; baseline 0.005 -32"><span class='ocrx_word' id='word_1_186' title='bbox 294 3600 367 3666; x_wconf 86' lang='lat' dir='ltr'><strong>nec</strong></span> <span class='ocrx_word' id='word_1_187' title='bbox 379 3578 484 3650; x_wconf 92' lang='lat' dir='ltr'><strong>sinus</strong></span> <span class='ocrx_word' id='word_1_188' title='bbox 499 3579 579 3677; x_wconf 93' lang='lat' dir='ltr'><strong>ipse</strong></span> <span class='ocrx_word' id='word_1_189' title='bbox 600 3606 644 3652; x_wconf 84' lang='lat' dir='ltr'><strong>ex</strong></span> <span class='ocrx_word' id='word_1_190' title='bbox 658 3581 905 3678; x_wconf 90' lang='lat' dir='ltr'><strong>pulmonibus</strong></span> <span class='ocrx_word' id='word_1_191' title='bbox 921 3581 1142 3676; x_wconf 86' lang='lat' dir='ltr'><strong>admittere,</strong></span> <span class='ocrx_word' id='word_1_192' title='bbox 1162 3585 1305 3682; x_wconf 90' lang='lat' dir='ltr'><strong>quippe</strong></span> 
     </span>
     <span class='ocr_line' id='line_1_29' title="bbox 296 3691 1306 3800; baseline 0.002 -30"><span class='ocrx_word' id='word_1_193' title='bbox 296 3691 347 3794; x_wconf 82' lang='lat' dir='ltr'><strong>ob</strong></span> <span class='ocrx_word' id='word_1_194' title='bbox 356 3693 614 3780; x_wconf 85' lang='lat' dir='ltr'><strong>dilatationem</strong></span> <span class='ocrx_word' id='word_1_195' title='bbox 628 3696 730 3771; x_wconf 91' lang='lat' dir='ltr'><strong>haud</strong></span> <span class='ocrx_word' id='word_1_196' title='bbox 743 3698 903 3800; x_wconf 86' lang='lat' dir='ltr'><strong>amplius</strong></span> <span class='ocrx_word' id='word_1_197' title='bbox 912 3699 999 3772; x_wconf 91' lang='lat' dir='ltr'><strong>satis</strong></span> <span class='ocrx_word' id='word_1_198' title='bbox 1016 3700 1188 3797; x_wconf 76' lang='lat' dir='ltr'><strong>aptusad</strong></span> <span class='ocrx_word' id='word_1_199' title='bbox 1203 3726 1244 3774; x_wconf 91' lang='lat' dir='ltr'><strong>se</strong></span> <span class='ocrx_word' id='word_1_200' title='bbox 1256 3703 1306 3772; x_wconf 88' lang='lat' dir='ltr'><strong>ita</strong></span> 
     </span>
     <span class='ocr_line' id='line_1_30' title="bbox 296 3809 1303 3916; baseline 0.008 -36"><span class='ocrx_word' id='word_1_201' title='bbox 296 3811 652 3912; x_wconf 84' lang='lat' dir='ltr'><strong>constringendum,</strong></span> <span class='ocrx_word' id='word_1_202' title='bbox 665 3831 708 3888; x_wconf 92' lang='lat' dir='ltr'><strong>ut</strong></span> <span class='ocrx_word' id='word_1_203' title='bbox 723 3809 867 3889; x_wconf 88' lang='lat' dir='ltr'><strong>alterne</strong></span> <span class='ocrx_word' id='word_1_204' title='bbox 884 3831 1031 3890; x_wconf 89' lang='lat' dir='ltr'><strong>tantum</strong></span> <span class='ocrx_word' id='word_1_205' title='bbox 1049 3819 1246 3916; x_wconf 82' lang='lat' dir='ltr'><strong>sanguinis</strong></span> <span class='ocrx_word' id='word_1_206' title='bbox 1261 3843 1303 3889; x_wconf 83' lang='lat' dir='ltr'><strong>ex</strong></span> 
     </span>
     <span class='ocr_line' id='line_1_31' title="bbox 295 3928 1300 4054; baseline 0.01 -55"><span class='ocrx_word' id='word_1_207' title='bbox 295 3950 333 4000; x_wconf 84' lang='lat' dir='ltr'><strong>se</strong></span> <span class='ocrx_word' id='word_1_208' title='bbox 346 3928 512 4028; x_wconf 83' lang='lat' dir='ltr'><strong>ejiceret,</strong></span> <span class='ocrx_word' id='word_1_209' title='bbox 528 3948 714 4054; x_wconf 59' lang='lat' dir='ltr'><strong>quantum</strong></span> <span class='ocrx_word' id='word_1_210' title='bbox 725 3937 878 4041; x_wconf 65' lang='lat' dir='ltr'><strong>praecise</strong></span> <span class='ocrx_word' id='word_1_211' title='bbox 897 3935 946 4011; x_wconf 88' lang='lat' dir='ltr'><strong>ad</strong></span> <span class='ocrx_word' id='word_1_212' title='bbox 960 3951 1105 4012; x_wconf 86' lang='lat' dir='ltr'><strong>naturae</strong></span> <span class='ocrx_word' id='word_1_213' title='bbox 1127 3961 1300 4010; x_wconf 88' lang='lat' dir='ltr'><strong>normam</strong></span> 
     </span>
    </p>
   </div>
   <div class='ocr_carea' id='block_1_3' title="bbox 0 0 1417 4652">
    <p class='ocr_par' dir='ltr' id='par_1_4' title="bbox 0 0 1417 4652">
     <span class='ocr_line' id='line_1_32' title="bbox 0 0 1417 4652; baseline 0 0"><span class='ocrx_word' id='word_1_214' title='bbox 0 0 1417 4652; x_wconf 95' lang='lat' dir='ltr'><strong> </strong></span> 
     </span>
    </p>
   </div>
  </div>
 </body>
</html>
