2700 4660
317 443 386 528 ndo
485 463 531 509 ns
557 457 703 510 sarnus
727 457 773 505 rr
797 455 921 508 csnsrs
945 457 1152 510 nonrornrr

308 689 1301 720 mmmmwmmmmmmwwmmm

389 833 622 972 nrtsroia
646 869 1149 972 andronico-nantel
1171 897 1259 972 nx.

373 1169 498 1242 Verba
507 1171 616 1268 fiunt
630 1167 676 1241 de
693 1167 837 1252 Morbis
855 1193 880 1238 a
906 1171 1057 1239 Veneno
1082 1167 1249 1242 inductis.

308 1439 480 1580 Scorto
503 1529 582 1604 qua
602 1506 642 1576 in
659 1501 907 1602 Sepulchreto
923 1503 1091 1606 succedit
1103 1508 1156 1594 X,
1168 1505 1293 1603 partim

305 1625 353 1698 ad
370 1623 525 1697 morbos
542 1635 684 1722 spectat
697 1620 866 1693 occultos
884 1629 922 1692 et
936 1619 1157 1712 chronicos,
1171 1624 1295 1721 partim

303 1742 352 1816 ad
365 1767 430 1815 eos
440 1743 506 1840 qui
519 1763 696 1812 aveneno
707 1738 954 1811 inducuntur.
963 1738 1050 1811 Plus
1064 1735 1295 1812 autemallcrt

303 1862 473 1935 utilitatis
491 1861 530 1930 in
552 1857 631 1944 his,
654 1880 769 1954 quam
788 1857 829 1928 in
856 1851 929 1928 illis
949 1855 1012 1928 hic
1033 1857 1292 1957 proponendis.

300 1981 360 2060 Illi
381 1981 482 2050 enlm
499 1991 562 2048 aut
574 1973 686 2046 nullis
705 1999 793 2045 cum
810 1975 940 2071 signis,
961 1988 1025 2046 aut
1040 1998 1128 2046 cum
1149 1977 1293 2076 quibus·

242 2177 246 2184 ⁵
301 2097 387 2168 dam
406 2119 511 2166 asuo
533 2094 693 2190 quisque
717 2092 959 2163 observatore
979 2089 1106 2164 traditi
1129 2110 1215 2166 sunt
1235 2121 1242 2165 :
1266 2091 1292 2163 si

299 2213 416 2285 nullis
436 2235 523 2282 cum
541 2211 678 2307 signis3
696 2210 757 2278 vix
780 2206 923 2304 aliquid
948 2205 1093 2282 fructus
1117 2227 1174 2284 est
1200 2207 1290 2310 quod
1337 2283 1338 2317 1

300 2331 424 2429 capias
436 2354 481 2400 ex
491 2329 658 2426 apposita
670 2317 913 2398 dissectione:
930 2327 989 2397 sin
1003 2326 1288 2429 habentsignum
1336 2381 1337 2409 .

299 2447 505 2560 quodpiam
514 2444 752 2541 adjunctum,
772 2457 911 2542 utputa
926 2441 1287 2534 febrem‚vomitum,
1335 2477 1336 2499 .

299 2561 490 2636 difficilem
520 2561 834 2659 respirationem,
871 2559 942 2629 alia
971 2560 1183 2656 ejusmodi3
1214 2583 1287 2634 sane
1334 2567 1335 2589 ¹

295 2681 417 2753 multo
441 2678 568 2750 utilius
586 2679 625 2747 in
646 2701 706 2748 eas
734 2675 919 2748 sectiones
951 2677 1059 2748 relati
1085 2694 1229 2764 essent,
1255 2679 1285 2746 in

296 2796 437 2895 quibus
461 2794 606 2891 singula
627 2809 714 2864 sunt
740 2817 781 2863 ea
803 2793 908 2889 signa
927 2793 1169 2890 peculiariter
1191 2817 1283 2893 spec·
1331 2853 1332 2861 ,

293 2927 379 2986 tata.
415 2909 527 3002 Quod
564 2925 606 2981 ut
639 2909 686 2980 de
718 2907 945 3006 quibusdam
978 2907 1220 3000 factumest,
1251 2911 1282 2979 in
1330 2939 1331 2951 ¹

295 3031 460 3102 sectione
483 3026 553 3096 hac
571 3025 763 3115 indicatis,
787 3024 839 3098 sic
857 3027 970 3097 etiam
992 3027 1039 3098 de
1065 3027 1146 3102 aliis
1166 3027 1283 3100 facien·
1328 3025 1330 3114 j

293 3145 385 3217 dum
403 3141 523 3214 fuerat
533 3195 543 3231 ,
554 3142 599 3214 de
611 3142 749 3239 quibus
770 3141 924 3240 quidem
938 3143 1084 3216 licebat.
1100 3145 1212 3222 Vides
1225 3143 1282 3241 igi·

290 3277 354 3334 tur
371 3285 439 3331 cur
456 3259 526 3330 hac
543 3260 581 3329 in
602 3274 708 3357 parte
725 3259 1014 3357 Sepulchretun⁴
1040 3285 1120 3332 non
1142 3284 1279 3360 sequar,
1325 3269 1327 3344 1

288 3381 367 3450 imo
385 3401 455 3448 nec
472 3377 577 3474 sequi
589 3378 751 3474 possim,
771 3401 857 3447 cum
873 3376 987 3473 hujus
1000 3379 1150 3474 generis
1170 3379 1279 3450 obser·

287 3497 457 3567 vationes
474 3517 543 3566 suo
556 3518 748 3590 quamque
766 3493 851 3565 loco
864 3494 905 3564 in
920 3493 1010 3566 alias
1021 3496 1196 3592 epistolas
1209 3518 1279 3568 con·
1323 3511 1324 3585 l

286 3613 454 3712 jecerim.
965 3635 968 3644 ·
1321 3603 1323 3692 l

336 3757 367 3800 s.
382 3733 427 3798 In
447 3727 695 3798 alternantem
708 3741 814 3822 parte
829 3751 912 3824 quae
926 3725 974 3798 ad
985 3751 1131 3799 venena
1142 3731 1273 3812 attinet,

282 3845 445 3918 libenter
469 3857 688 3928 secuturus,
717 3867 906 3940 perpauca
922 3869 943 3915 a
963 3868 1023 3917 me
1040 3821 1144 3942 (nani
1161 3873 1181 3918 a
1200 3843 1272 3917 Val-

283 3962 381 4036 salva
390 3960 495 4032 nulla
508 3957 648 4054 habeo)
665 3973 758 4030 suta
775 3959 958 4033 Mediavia
972 3976 1105 4036 nostro
1113 3963 1268 4036 adnotata

1301 4397 1314 4614 l
