2782 4652
414 278 449 344 R

271 387 348 505 lla
431 401 483 490 no
508 419 652 488 sennan
676 437 721 485 ar
743 421 870 486 nausis
892 431 1101 488 uomonun
1194 433 1198 438 ·
1225 432 1238 492 Γ

322 577 377 626 ιι.
394 553 435 626 Si
454 552 581 624 omnia
606 573 688 650 quae
707 565 771 623 aut
800 553 841 622 in
873 553 966 624 vivis
987 571 1266 652 praecesseraut,

271 670 390 742 autin
405 669 565 745 mortuis
580 683 781 768 conspecta
794 683 902 758 sunt,
922 671 1022 743 inter
1039 675 1079 744 se
1098 671 1268 746 conferre

271 785 453 876 volueris3
467 785 612 872 minos,
626 785 780 886 opinor,
794 784 1005 883 miraberis
1017 789 1123 886 quod
1139 791 1270 862 mulier

272 901 352 976 haec
369 917 532 976 mortem
553 901 690 976 obierit
711 902 871 991 tardius,
902 928 1015 1002 quam
1035 909 1093 978 vir
1119 906 1167 978 de
1194 931 1269 1003 quo

273 1036 360 1094 ante
383 1021 502 1118 ipsam
523 1019 666 1096 dictum
688 1036 763 1110 est,
782 1020 980 1120 multoque
997 1025 1108 1096 etiam
1131 1023 1270 1096 tardius

273 1153 436 1236 uterque
459 1147 613 1228 eorum,
642 1161 757 1236 quam
787 1139 845 1210 vir
861 1139 955 1212 alter
979 1139 1026 1212 de
1053 1165 1133 1238 quo
1151 1141 1271 1214 statim

274 1255 434 1331 dicetur:
642 1255 648 1279 ⁴

282 1423 290 1441 .
328 1397 382 1444 aa.
400 1375 566 1466 Tonsor„
584 1395 705 1445 anuos
719 1388 830 1446 natus
847 1375 1015 1472 quinque
1033 1388 1070 1446 et
1091 1374 1275 1471 qninqua-

275 1491 392 1590 ginta,
406 1492 524 1590 capite
539 1493 698 1565 maxima
709 1515 754 1562 ex
769 1505 874 1594 parte
894 1491 1019 1578 calvo,
1032 1487 1148 1581 bibax
1164 1490 1276 1580 adeo,

195 1609 197 1615 '
275 1622 318 1680 ut
330 1607 457 1680 ebrius
474 1607 630 1690 domum
649 1606 834 1685 deduotne
846 1607 1143 1706 sitad·vesperas
1166 1609 1208 1680 16
1225 1609 1275 1706 ja·

277 1727 403 1798 nuarii
417 1725 1275 1825 die,anno1757,postridiemaneinventusest

278 1829 470 1932 mortuus,
491 1840 599 1916 humi
608 1845 737 1940 jacens
755 1844 854 1916 inter
865 1839 1005 1916 lectum
1021 1859 1059 1916 et
1076 1846 1274 1941 parietem,

276 1983 397 2060 prope
417 1959 570 2034 fractam
592 1962 796 2049 matulam,
822 1961 927 2032 nulla
952 1977 1091 2032 tamen
1105 1955 1276 2061 'corporis

272 2094 379 2176 parte
396 2079 489 2152 laesa.
502 2083 583 2150 Hoc
599 2079 647 2150 ad
661 2079 740 2174 ejus
758 2081 849 2163 anni
859 2078 1057 2177 publicam
1072 2094 1274 2152 anatomen

272 2193 528 2269 inchoandam
549 2219 635 2268 eum
653 2211 801 2280 uterer,
822 2195 900 2268 haee
920 2211 1150 2294 quaepraeter
1167 2211 1275 2268 natu·

274 2335 356 2382 ram
374 2327 520 2400 essent,
535 2311 791 2387 animadverti.
809 2317 950 2386 Ventre
961 2327 1111 2414 apert0‚
1128 2314 1277 2412 amplus

275 2428 560 2501 ventriculusin
581 2444 825 2528 conspectum
847 2431 973 2520 venit,
993 2431 1099 2527 cujus
1120 2432 1278 2502 interior

275 2544 387 2618 facies
404 2547 483 2618 vini
499 2538 627 2622 colore
647 2544 784 2620 infecta
808 2563 897 2620 erat.
932 2551 1136 2623 Omentum
1161 2547 1278 2620 multa

275 2662 505 2762 pinguedine
523 2660 724 2752 refertum,
742 2679 785 2738 ut
795 2664 1065 2762 plerorumque
1077 2663 1277 2736 intestino·
1383 2715 1384 2752 p

275 2791 363 2856 rum
384 2787 545 2880 ‘externa
577 2781 720 2869 tunica,
749 2796 786 2879 il
813 2781 1098 2869 mesenterlnm,
1129 2773 1277 2878 inquo

277 2898 460 2996 glandulae
479 2897 649 2996 quaedam
671 2897 812 3000 majori
840 2885 956 2996 quarn
977 2923 1018 2972 ea
1046 2895 1141 2978 ferat
1174 2915 1276 2987 aetas,

277 3012 545 3114 magnitudine.
565 3015 689 3092 Bilise
711 3014 809 3087 flavo
828 3011 957 3104 lusca,
981 3014 1189 3112 reliquerat
1213 3039 1279 3113 per

239 3147 240 3150 ’
279 3131 391 3224 cystis
405 3129 535 3202 faciem
552 3131 771 3204 interiorem
791 3133 909 3206 multa
930 3131 1014 3204 alba
1033 3133 1140 3229 quasi
1158 3151 1278 3206 arenae

272 3247 457 3345 granula,
476 3246 541 3320 sed
560 3271 663 3346 quae,
680 3250 778 3320 inter
788 3248 926 3348 digitos
938 3233 1193 3342 conterendo,
1212 3250 1280 3319 mi-

279 3365 382 3436 nime
405 3380 511 3438 erant
526 3363 630 3468 dura.
660 3370 830 3454 Renum,
858 3390 1023 3466 quorum
1042 3365 1136 3438 alter
1161 3365 1281 3437 altero

169 3510 173 3522 ·
278 3481 430 3579 longior
451 3478 540 3568 fuit,
572 3481 788 3581 superficies
806 3508 884 3554 uon
905 3485 985 3556 sine
1002 3483 1180 3554 vitiorum
1201 3506 1281 3554 ves·

279 3599 378 3696 tigii‘s
398 3592 648 3696 quibusdam,
670 3601 770 3672 inter
787 3625 871 3698 quae
896 3583 981 3674 erat¹
992 3595 1063 3672 sub
1080 3599 1210 3700 runica
1227 3597 1282 3672 fo·

280 3739 349 3786 vea
377 3714 512 3788 adhue
533 3740 665 3813 parva,
690 3718 851 3794 humore
880 3717 1002 3816 plena.
1036 3717 1169 3789 Vesica
1189 3716 1281 3788 lotio

282 3831 442 3904 distenta
470 3833 585 3922 ade0,
619 3848 663 3904 ut
695 3834 807 3932 pubis
844 3819 1011 3921 ossibus,
1042 3857 1114 3904 nec
1146 3833 1280 3930 paulo,
1310 3885 1314 3894 .

284 3971 430 4021 summa
444 3951 524 4046 ejus
540 3975 626 4050 pars
640 3951 750 4026 altior
765 3969 870 4028 esset.
888 3955 1091 4044 Quam,.ut
1103 3950 1281 4023 credibile
