2746 4662
346 433 414 517 ris
508 449 556 497 nr
580 443 727 497 seorsus
750 439 944 491 rur-crusis
968 439 1179 491 nonnosum

341 562 502 663 epistola
523 556 743 658 cognovisti.
762 553 876 646 Quod
893 556 924 626 si
943 553 1026 626 duae
1042 556 1083 625 iu
1099 579 1141 626 re
1159 555 1325 652 ejusmodi
1357 575 1359 583 ’

339 683 455 754 nimis
487 701 615 777 pauca
636 673 706 746 tibi
739 672 918 746 videntur
942 671 1244 762 observationem
1266 673 1324 744 huc
1358 727 1360 731 .

338 813 416 872 tres
433 781 529 868 'adde
549 793 594 865 cl.
614 789 817 863 Tabarrani
834 790 912 888 (ι),
939 790 1007 889 qui
1039 813 1082 862 ea
1113 815 1191 888 qua
1212 791 1324 890 pollet,
1358 849 1360 851 .

340 915 491 990 solertia
502 965 511 1000 ,
522 927 559 984 et
571 910 764 1009 diligentia
778 933 865 981 cum
877 907 969 997 alia,
982 923 1064 980 turn
1078 907 1153 980 hoc
1166 909 1324 1008 inprimis
1356 959 1359 968 .

338 1029 573 1106 examinavit.
596 1031 632 1102 Is
651 1051 730 1098 non
748 1039 897 1124 semper
908 1023 1102 1110 vertebras
1121 1025 1208 1097 locu
1225 1041 1324 1098 motas
1358 1083 1359 1086 ι

338 1147 504 1236 invenit,
522 1159 560 1219 et
584 1169 670 1216 eum
697 1145 864 1231 invenit,
892 1165 973 1216 nou
994 1139 1090 1214 adeo
1122 1139 1202 1216 sere
1226 1157 1324 1214 motas

335 1263 450 1351 vidit,
491 1278 534 1334 ut
557 1263 702 1334 luxatas
731 1259 806 1332 dici
832 1283 943 1358 posse
970 1257 1160 1348 crederet3
1198 1283 1324 1357 semper

334 1396 460 1454 autem
478 1377 612 1452 fractas
628 1379 784 1450 invenit.
809 1381 888 1450 Nec
902 1401 993 1450 vero
1011 1375 1075 1448 hic
1093 1377 1190 1448 mihi
1208 1401 1324 1476 propo·
1358 1403 1360 1406 ·

333 1499 492 1572 siturum
507 1510 566 1584 te,
584 1508 927 1593 puto‚nostrorum
938 1493 1130 1592 Weslingii
1139 1493 1214 1591 ¹(a)
1225 1510 1261 1567 et
1273 1499 1325 1565 Pu·
1358 1537 1360 1559 2

327 1615 395 1713 jati
422 1613 476 1712 (3)
499 1612 789 1685 observationes.
818 1611 931 1683 Illum
962 1609 1083 1707 probe
1119 1612 1275 1682 memini
1295 1611 1323 1679 in
1353 1639 1360 1721 ι’

334 1731 614 1804 Dalmatadorsi
625 1731 773 1829 aliquot
781 1728 1115 1802 vertebrasleviter
1129 1743 1323 1802 extrorsum
1357 1755 1360 1794 .÷

301 1873 303 1880 ’
334 1849 516 1940 dimotas3
540 1849 580 1920 in
610 1849 789 1920 Patavino
811 1862 934 1918 autem
960 1869 1094 1918 omnes
1119 1845 1323 1918 lumborum
1357 1869 1360 1910 z

331 1968 525 2042 vertebras
542 1981 754 2039 extrorsum
781 1962 1000 2036 notabiliter
1016 1963 1237 2055 inclinatas,
1254 1987 1322 2036 cun
1359 1991 1360 2004 ¹

332 2101 487 2183 stupore
515 2085 678 2182 partium
703 2067 950 2171 inferiorum,
968 2080 1116 2154 vidisse.
1148 2082 1210 2154 Sic
1227 2083 1321 2155 etiarn
1357 2109 1360 2150 ι

330 2201 453 2300 prael.
469 2201 643 2296 Pujatum
660 2200 700 2268 in
717 2198 814 2286 aliis,
833 2213 871 2269 et
884 2197 989 2296 quod
997 2195 1049 2268 ob
1068 2197 1319 2296 meritumque
1358 2227 1360 2270 ι

330 2339 418 2390 eunt
437 2339 673 2415 prosequor,
689 2339 855 2386 amorem
870 2315 1004 2413 agrius
1022 2313 1108 2402 tuli,
1135 2315 1176 2386 in
1199 2339 1240 2388 se
1253 2318 1320 2414 ipso

227 2501 238 2518 ,
328 2433 508 2534 paulatim
527 2434 740 2530 superiores
761 2430 953 2503 lumbares
969 2429 1165 2505 vertebras
1188 2449 1320 2506 extror-
1358 2495 1359 2502 ,

329 2575 412 2624 sum
450 2549 664 2649 prolapsas,
695 2572 765 2620 nec
796 2549 877 2620 sine
904 2572 1060 2620 crurum
1093 2551 1319 2648 torporibus,
1358 2595 1359 2618 ι

216 2763 218 2768 ,
326 2668 556 2742 observasse.
574 2672 621 2738 At
642 2665 755 2738 simul
777 2666 954 2756 memini,
984 2681 1192 2766 utrumque
1209 2665 1321 2740 subiu·
1358 2691 1359 2758 p

324 2788 495 2858 rationes
513 2785 603 2856 istas
625 2783 787 2854 internis
810 2783 952 2871 causis,
978 2781 1181 2882 ligamenta
1204 2787 1320 2856 vitian·
1358 2769 1359 2792 ¹

322 2902 444 2992 tibus,
460 2901 645 2974 tribuisse.
667 2901 865 2972 Institutus
888 2915 1054 2973 autema
1077 2899 1192 2974 nobis
1206 2925 1316 2976 sermo

324 3017 371 3090 de
392 3015 647 3092 lunationibus
668 3016 742 3088 illis
766 3031 821 3090 est
846 3041 930 3115 quae
955 3040 1140 3116 corpore,
1170 3034 1208 3090 et
1238 3020 1316 3118 liga·

321 3135 460 3206 mentis
481 3149 582 3205 recte
599 3132 812 3206 valentibus
828 3132 876 3206 ab
901 3149 1054 3206 externa
1076 3135 1257 3208 violentia
1272 3135 1315 3206 di·

322 3265 462 3324 euntur
487 3250 680 3324 accidere:
702 3275 796 3350 quas
815 3253 896 3351 ipse
916 3253 1095 3351 equidem
1112 3279 1192 3325 non
1211 3278 1313 3352 nego;

322 3391 561 3468 quanquam,
578 3385 622 3442 ut
634 3371 773 3443 incasu
787 3372 994 3469 prasertim
1008 3371 1053 3444 cl.
1072 3369 1313 3470 Targioniiffi)

326 3563 1310 3598 mm.-

356 3682 399 3767 (ι)
420 3685 494 3744 Obs.
509 3696 588 3742 anat.
600 3697 680 3762 post.
694 3708 725 3744 n.
743 3706 772 3756 7.

288 3805 291 3812 ’
354 3785 398 3865 (a)
418 3786 512 3862 Epist.
531 3784 580 3842 25.

355 3884 398 3966 (3)
418 3888 491 3943 Dee.
507 3885 615 3945 medie.
629 3886 694 3945 obs.
710 3887 745 3958 6,
761 3907 793 3944 n.
807 3906 843 3944 ro
854 3899 884 3946 et
897 3908 959 3966 seq.

354 3983 397 4064 (4)
418 3985 604 4046 Semilusiaa.
626 3987 702 4044 delle
727 3989 864 4048 vertebre
888 3989 1018 4048 lumbari
1038 3991 1117 4049 neila
1137 3993 1169 4064 1,
1190 3989 1309 4051 metita

312 4087 487 4148 d’otservaa.
505 4085 584 4147 nied,
