2700 4660
69 451 135 500 ue.
151 455 204 504 tv.
221 455 266 504 na
280 455 417 506 uonats
428 453 606 504 curaque.
616 483 627 519 ,
639 428 835 504 etc.'11›1sa.
849 454 950 502 svau.
980 428 1047 502 231

50 582 152 640 coeto
170 569 265 640 olim
279 584 434 642 venerat
454 569 590 640 Joanni
617 568 801 640 Manardo
821 568 897 664 (ι),
917 571 985 665 qui
1000 575 1053 640 in·

50 697 102 753 ter
118 693 253 760 varios
266 688 377 784 hujus
390 687 481 784 ligni
500 713 605 776 usus,
616 711 705 783 ego,
722 687 863 784 inquit,
878 713 961 758 eum
974 701 1056 758 ma·

52 807 102 895 gis
110 807 256 900 prob0,
277 811 314 876 in
328 830 403 904 quo
422 807 502 904 ejus
520 804 713 908 decocturn
728 859 737 893 ‚
755 812 877 876 instar
895 804 1056 876 medica·

55 935 173 992 tarum
201 948 413 1021 aquarum,
438 929 511 993 imo
531 929 646 994 seria
668 922 890 996 Dioscon'de
908 929 1056 1022 scripti,

56 1039 203 1112 bibitur.
223 1043 343 1112 Abeo
356 1039 453 1112 edim
469 1039 603 1112 modus
622 1039 776 1112 bibendi
800 1066 921 1137 aquas
940 1038 1041 1110 medi

56 1175 155 1228 caras
167 1165 293 1248 venit,
305 1165 372 1256 qui
384 1164 422 1228 in
441 1163 629 1230 communi
647 1184 715 1230 usu
737 1159 845 1256 apud
853 1157 975 1230 Italos
988 1171 1060 1246 est,

56 1275 210 1348 hemint's
226 1274 400 1350 videlieet
413 1281 534 1373 quiuis
545 1276 815 1374 perintervalla
825 1281 953 1374 epotis.
968 1279 1059 1368 Quae

57 1393 203 1467 decocti
232 1392 440 1466 exhibendi
466 1394 562 1464 ratio
584 1418 604 1466 a
634 1395 811 1466 Massaria
841 1408 973 1466 nostro
997 1393 1062 1491 (2)

58 1511 147 1584 adeo
164 1511 330 1610 probata
352 1525 427 1599 est,
445 1525 489 1582 ut
512 1511 715 1584 miraretur
735 1510 930 1609 quomodo
946 1535 1061 1584 nemo

58 1629 99 1700 ad
117 1655 230 1702 suum
249 1653 370 1726 usque
389 1643 542 1726 tempus
565 1643 717 1702 secutus
739 1645 836 1702 esset
866 1645 943 1700 tam
958 1654 1062 1728 prce-

59 1747 202 1820 clarum
220 1762 299 1816 tam
313 1744 466 1817 illustris
480 1751 557 1818 viri
572 1751 802 1818 institutum:
820 1771 859 1818 se
877 1771 968 1818 vero
988 1746 1062 1820 hoc

60 1865 133 1934 fron
146 1863 265 1960 semel
282 1887 392 1938 usum
411 1886 490 1936 esse
507 1861 715 1936 testabatur
726 1887 887 1950 ‚summa
903 1887 986 1934 cum
995 1866 1064 1954 fa·

61 1982 219 2068 uditate,
237 1980 460 2070 etfelidtate
470 1982 520 2052 ita
533 1995 574 2052 ut
589 1981 676 2079 aegri
685 1985 764 2052 sine
783 1980 900 2052 multu
915 1980 1066 2068 labore,

62 2116 95 2170 et
106 2103 245 2198 paucis
259 2097 389 2170 diebus
405 2098 447 2170 id
456 2105 643 2170 consecuti
656 2113 776 2170 essent
791 2097 897 2196 quod
910 2095 980 2168 atu
994 2102 1064 2168 uix

62 2242 199 2316 magna
215 2213 407 2305 molestia,
423 2231 461 2286 et
477 2213 588 2314 longo
613 2231 779 2314 tempore
798 2216 921 2288 solent
937 2239 1065 2286 couse-

62 2341 121 2432 qtu'
133 2362 144 2406 .·
170 2359 241 2408 nec
260 2334 332 2431 ipsi
349 2348 498 2436 tamen,
524 2349 566 2404 ut
597 2333 725 2404 locum
744 2334 977 2432 perlegendo
1004 2334 1064 2404 in·-

62 2453 224 2551 telliges,
241 2473 491 2549 quecumque
513 2450 560 2524 de
579 2451 704 2524 tribus
730 2476 812 2548 quae
837 2451 952 2548 paulo
978 2465 1067 2522 ante

63 2569 290 2658 dicessum,
309 2569 540 2640 excretiones
560 2583 831 2664 sequerentur,
854 2567 1063 2665 quidquam

62 2683 200 2758 referre
218 2677 426 2758 videbatur.
454 2684 547 2772 Sed,
579 2699 622 2760 ut
639 2684 730 2756 illuc
752 2682 920 2772 redeam,
948 2684 996 2756 ab
1018 2707 1068 2756 eo
1132 2697 1135 2706 '

66 2829 139 2901 quo
161 2810 241 2902 ipse
262 2803 439 2876 Bononiae
472 2799 679 2900 degebam,
707 2801 755 2874 ad
790 2799 865 2872 hoc
893 2815 1069 2898 tempus,

65 2924 180 3020 spatio
205 2919 382 2994 videlicet
414 2943 602 2993 annorum
639 2917 804 2989 necdum*
835 2933 999 3015 quatuor
1028 2935 1067 2992 et
1106 2964 1109 2972 ν

64 3039 351 3138 quinquaginta,
365 3037 575 3108 mercurius
601 3061 755 3136 quoque
775 3038 875 3110 inter
894 3037 1066 3136 praesidia

65 3158 299 3230 autivenerea
315 3131 392 3228 dlic
411 3155 538 3226 denuo
556 3155 695 3227 relatus
712 3170 781 3226 est.
891 3219 895 3234 ,

116 3299 169 3372 ¹7·
186 3277 273 3346 Non
292 3273 412 3344 multo
432 3273 570 3344 minori
588 3273 771 3369 temporis
793 3273 915 3370 spatio
933 3273 973 3342 in
992 3270 1075 3343 hae

69 3392 211 3464 civitate
228 3401 466 3463 nontantam
477 3388 729 3486 quidem,sed
744 3389 908 3486 aliquam
925 3404 1073 3476 tamen,

68 3509 104 3580 in
118 3509 250 3582 iisdem
278 3508 459 3606 praesidiis
484 3506 781 3580 vicissitudinem
808 3505 1070 3578 animadverti.

69 3627 115 3698 Ut
131 3626 233 3698 enim
254 3626 353 3699 iuter
368 3623 536 3698 medicos
564 3624 795 3721 ceteroquin
822 3622 1074 3721 peritissimos

105 3910 148 3989 (ι)
168 3915 202 3970 L.
223 3921 276 3985 14,
288 3911 373 3988 Epist
384 3911 490 3970 medic.
505 3919 536 3982 4.
634 3891 645 3906 ’

109 4013 151 4092 (a)
171 4017 266 4074 Pract.
281 4012 388 4072 medie.
402 4012 422 4070 l.
435 4011 467 4070 6.
