2746 4662
131 453 263 502 mem.
277 453 325 502 or
339 447 478 504 nosris
492 451 690 517 cursone,
704 441 773 500 etc.
788 449 900 502 xrrsr.
916 449 990 502 rvr.
1023 425 1094 502 135
1127 519 1132 526 ἱ

81 565 164 639 dies
181 587 286 665 aquae
302 567 495 666 impositi,
513 593 593 640 non
612 565 792 666 projecti3
819 566 934 665 paulo
951 566 1097 642 tardius

81 683 361 774 subsederunt,
396 681 635 784 bullulasque
678 686 913 757 emiserunt:
944 685 1099 760 duobus
1172 699 1173 703 ’

82 819 209 906 autem
227 818 314 904 post
333 801 529 902 mensibus
552 801 721 875 similiter
750 799 933 900 impositi,
955 802 1097 877 diutius

81 921 121 990 in
147 945 298 993 summo
318 935 619 1020 permanserunt.
638 921 724 1012 Quo
746 935 918 1020 tempore
943 945 1029 1032 cnm
1050 941 1096 996 ex

82 1037 192 1109 siccis
221 1038 387 1135 aliquem
416 1035 575 1110 flammae
601 1037 868 1127 admovissem,
905 1035 1004 1110 hanc
1033 1039 1096 1112 ille

81 1179 162 1226 non
181 1157 379 1254 concepit3
401 1155 579 1228 scintillas
597 1155 799 1244 duntaxat,
828 1172 865 1228 et
888 1153 1095 1228 combustae

81 1297 221 1371 pennae
257 1272 416 1348 odorem
454 1275 644 1372 ingratum
676 1275 815 1363 emisit,
836 1289 1113 1371 retractusque

81 1407 138 1463 est
154 1388 409 1490 qualisierme
429 1406 538 1464 antea
551 1389 683 1464 fuerat.
714 1394 942 1464 Ceterorum
966 1406 1094 1462 autem

81 1505 292 1608 fragmenta
308 1507 479 1608 quaedam
493 1510 664 1581 bimestri
681 1510 721 1579 in
732 1531 829 1608 aqua
840 1509 1094 1580 maceratione

80 1626 203 1700 nihilo
217 1628 389 1700 molliora
408 1625 523 1717 facta,
543 1626 714 1700 eamdem
732 1650 881 1725 semper
893 1624 1097 1698 firmitudi·
1178 1633 1181 1641 '

82 1767 169 1814 nem
186 1746 434 1818 retinuerunt.
450 1746 598 1818 Addere
616 1744 695 1816 haec
712 1744 760 1816 ad
775 1745 837 1815 illa
850 1745 992 1842 poteris
1011 1767 1095 1843 quae

82 1861 172 1932 olim
187 1860 235 1933 de
254 1859 372 1935 felleis
395 1863 546 1936 calculis
570 1861 617 1934 ad
643 1859 911 1934 Schroeclsiurn
936 1865 1096 1961 scripse·

82 2003 161 2050 ram
179 1978 248 2077 (ι)
269 1985 377 2052 Nunc
400 1997 524 2054 autem
549 1981 587 2053 id
606 1983 734 2080 accipe
753 1979 859 2080 quod
876 1982 998 2052 rarius
1014 2005 1095 2054 esse

83 2096 177 2185 dixi;
194 2121 265 2196 ego
280 2113 380 2172 certe
395 2101 467 2171 nisi
482 2101 521 2170 in
534 2097 608 2172 hoc
624 2123 785 2199 corpore
800 2121 994 2197 nunquam
1006 2098 1093 2170 vidi.

81 2219 196 2288 Venae
215 2240 311 2288 cavae
339 2216 530 2291 inferioris
552 2233 711 2290 truncus
737 2217 801 2288 ubi
826 2241 871 2288 ex
899 2217 1093 2289 iliacarum

83 2331 265 2406 confluxu
280 2334 534 2425 coalescebat,
551 2359 630 2406 non
644 2333 861 2423 dexterum,
878 2350 919 2406 ut
928 2357 1094 2433 semper,

83 2451 149 2524 sed
172 2453 367 2526 sinistrum
398 2479 467 2552 per
497 2453 687 2527 lombares
719 2453 911 2526 vertebras
939 2451 1094 2526 tenebat

81 2567 201 2658 latus,
217 2570 476 2670 pergebatque
493 2571 540 2643 ad
559 2573 687 2644 laevam
703 2573 846 2644 arteriae
867 2593 1010 2668 magnae
1027 2568 1092 2640 do·

83 2709 152 2758 nec
166 2709 238 2785 per
248 2685 362 2784 hujus
378 2690 606 2761 anteriorem
624 2688 755 2760 faciem
784 2687 906 2762 statim
924 2685 994 2758 sub
1013 2709 1093 2756 me·

85 2803 266 2876 senterica
278 2805 472 2903 superiore
490 2805 644 2904 oblique
659 2803 896 2876 dextrorsum
913 2827 951 2874 se
969 2800 1094 2873 inilec·

85 2935 184 3007 tene,
202 2919 369 2994 debitam
388 2921 459 2996 sibi
474 2922 665 2994 dexteram
686 2937 831 3021 peteret
853 2920 991 2993 sedem.
1008 2923 1092 3012 Qua

86 3061 127 3109 ex
144 3035 347 3113 inflexione
373 3038 506 3127 fiebat,
534 3056 577 3113 ut
600 3041 773 3139 quamvis
796 3040 944 3112 sinistra
972 3039 1093 3110 emul-
1201 3039 1205 3048 '

83 3179 175 3254 gens
192 3181 288 3230 vena
308 3157 355 3230 ad
372 3158 469 3230 duos
490 3173 611 3232 tresve
637 3158 774 3256 digitos
800 3156 956 3229 inferius
975 3179 1091 3254 quam

84 3272 255 3364 dextera,
270 3275 300 3346 si
319 3293 448 3348 cavam
467 3278 507 3348 in
522 3291 668 3349 rectum
687 3275 924 3364 extenderes,
940 3276 980 3345 in
992 3273 1091 3346 hanc

83 3389 284 3481 induerem
303 3417 371 3464 ren
390 3407 516 3466 tamen
537 3394 687 3466 sinister
705 3419 785 3466 non
802 3393 923 3466 multo
942 3387 1094 3463 inferio-

84 3533 163 3580 rem
184 3509 313 3582 sedem
328 3509 529 3584 obtineret.
547 3516 736 3610 Huneego
749 3536 818 3610 per
836 3506 1091 3583 aortae'faciem
1154 3523 1161 3544 t

85 3647 185 3698 venae
214 3649 310 3700 cavae
334 3630 537 3702 transitum
561 3651 648 3700 cum
673 3627 714 3699 in
746 3649 990 3728 quocumque
1017 3649 1098 3697 cor-

90 3835 1098 3867 *w*-

123 3993 170 4078 (t)
187 3999 257 4058 Aet.
268 3999 307 4060 N.
320 4003 441 4062 sstem.
458 4019 492 4076 a,
503 4001 568 4064 obs.
581 4001 649 4080 167.
