2732 4654
315 394 388 490 too
482 423 529 472 nn
554 420 701 472 sturnus
726 425 770 472 rr
796 424 920 473 causus
946 425 1155 476 ttonrouuu

316 558 410 634 quas
428 537 612 632 rejectum
630 563 838 626 venenum,
856 537 1011 611 fortasse
1026 543 1249 639 ingenitum,
1266 561 1299 610 ex

316 675 423 754 parte
452 656 576 752 aliqua
607 651 832 743 restitando,
858 655 1106 755 oesophagum
1143 655 1233 728 forte
1257 657 1304 727 la-

318 773 434 844 sisset.
451 775 536 842 Non
554 772 634 844 leve
651 773 766 869 igitur
784 775 921 846 veneni
941 772 1111 846 devorati
1138 775 1303 846 iudicium

318 905 431 992 erunt
470 889 670 960 ventriculi
699 891 922 977 erosiones,
968 891 999 962 si
1032 891 1136 962 nulla
1171 891 1306 989 quidem
1345 887 1348 976 l

318 1031 404 1078 enm
435 1007 661 1092 vomitione,
681 1021 718 1077 et
748 1031 833 1078 cum
861 1005 1057 1105 oesophagi
1091 1024 1218 1080 tamen
1248 1010 1306 1080 sint

270 1167 272 1172 ·
318 1124 493 1196 erosione
519 1124 749 1219 conjunctae,
779 1125 987 1222 prasertim
1016 1125 1046 1194 si
1073 1127 1113 1194 in
1141 1149 1185 1196 eo
1219 1149 1309 1222 repe·
1344 1187 1345 1190 ,

316 1243 481 1327 riantur,
497 1243 662 1338 quicum
680 1267 793 1314 sanus
810 1242 993 1315 hactenus
1008 1243 1142 1331 luerit,
1155 1241 1307 1340 'nihilque
1344 1279 1345 1296 2

318 1359 357 1428 in
371 1359 490 1430 victus
504 1359 650 1432 ratione
670 1364 906 1457 peccaverit,
929 1378 1086 1459 repente
1106 1377 1192 1458 post
1208 1363 1307 1458 iuges
1344 1373 1345 1392 ³

318 1491 398 1548 tum
418 1476 632 1574 quidpiam,
653 1478 794 1548 insoliti
816 1479 1056 1577 potissimum
1081 1481 1241 1576 saporis,
1260 1486 1308 1547 aut

319 1593 465 1680 odoris,
483 1593 669 1664 stomachi
683 1593 903 1684 doloribus,
920 1611 985 1666 aut
995 1596 1223 1694 angoribus,
1235 1595 1307 1667 aliis
1343 1591 1344 1638 3

320 1737 394 1809 que
417 1713 557 1809 sumpti
575 1713 712 1782 veneni
742 1711 857 1810 signis
876 1727 1096 1810 correptus,
1119 1713 1218 1785 intra
1240 1736 1307 1810 per·
1343 1730 1345 1760 ³

319 1827 434 1900 breve
465 1844 614 1925 tempus
637 1827 785 1900 obierit.
814 1833 901 1901 Non
931 1829 1041 1914 levis,
1070 1831 1246 1928 inquam,
1273 1853 1306 1899 ex
1344 1831 1345 1866 ³

319 1945 422 2018 hisce
443 1947 641 2034 omnibus,
668 1962 733 2018 aut
758 1947 951 2044 plerisque
978 1949 1018 2016 in
1042 1971 1161 2018 unum
1186 1947 1306 2044 junctis
1344 2015 1345 2046 ,

320 2065 538 2160 conjectura
566 2063 736 2136 ducetur.
767 2063 838 2134 Sed
872 2089 931 2135 res
965 2079 1065 2136 certa
1094 2065 1184 2152 erit,
1205 2065 1306 2136 ubiiu
1344 2049 1345 2055 ἵ

319 2181 555 2270 ventriculo,
598 2170 674 2252 aut*
693 2183 873 2282 proximis
896 2182 1095 2254 intestinis
1136 2205 1305 2253 venenum

320 2300 445 2396 ipsum
477 2301 687 2398 reperietur
719 2297 826 2371 facite
858 2299 1152 2398 agnoscendum.
1183 2299 1305 2370 Videsis

320 2414 539 2488 Hoffmanni
553 2441 708 2514 quoque
722 2430 732 2504 l
744 2415 777 2512 ι)
796 2415 934 2488 indicia
950 2441 1065 2516 super
1085 2416 1249 2489 historiis
1261 2415 1306 2485 ali·

322 2550 435 2632 quot,
459 2515 583 2632 dignis
611 2560 694 2631 quae
719 2535 759 2604 in
784 2533 1072 2631 Sepulchretutn
1092 2531 1303 2606 referantur:

319 2654 371 2728 ita
398 2669 435 2724 et
455 2666 722 2750 symptomata,
751 2667 787 2724 et
815 2651 1058 2724 dissectiones
1083 2665 1303 2752 proponunt,
1342 2668 1346 2747 J

322 2771 478 2842 minime
495 2773 641 2842 omissis
655 2769 865 2844 rationibus
877 2765 978 2848 unde
996 2771 1307 2867 internotasprae·
1343 2764 1347 2825 ὲ

322 2887 393 2959 biti
421 2889 589 2976 ueneni,
620 2903 657 2960 et
694 2889 917 2959 nominatim
952 2889 1133 2976 arsenici,
1159 2886 1305 2987 pluribus

325 3029 565 3091 communes,
584 3006 771 3106 huicvnon
799 3002 931 3092 fuisse,
956 3006 1029 3077 illis
1059 3001 1171 3078 fuisse
1199 3005 1305 3078 daton
1346 3095 1347 3104 ἵ

325 3135 541 3208 venenum,
571 3122 834 3220 intelligamus.
873 3123 944 3194 Sed
978 3123 1208 3220 praecipuum
1233 3116 1306 3192 illud

250 3303 252 3310 Α
326 3238 403 3310 dati
419 3239 556 3310 veneni
575 3241 850 3325 testimonium,
868 3239 949 3335 ejus
969 3217 1095 3338 portio
1120 3242 1160 3310 in
1180 3238 1303 3312 visceri·

328 3355 401 3428 bus
425 3371 573 3454 reperta
596 3382 682 3428 cum
710 3381 781 3455 pro
810 3355 910 3428 varia
939 3347 1173 3429 venetiorum
1198 3353 1305 3430 condi·

328 3475 449 3561 tione,
464 3476 595 3572 exigua
618 3477 741 3572 eopia,
758 3485 842 3554 cum
854 3475 1011 3571 aliisque
1024 3473 1140 3547 rebus
1154 3475 1303 3547 mistione

328 3615 408 3664 non
426 3614 520 3688 saepe
542 3608 736 3680 occurrat,
754 3590 897 3664 idcirco
914 3591 1052 3663 indicia
1072 3591 1220 3663 aliunde
1233 3610 1304 3688 que

330 3759 1304 3788 ...-...-..-......-...............α

369 3875 413 3954 (1)
434 3875 543 3932 Medic.
556 3885 613 3932 rat.
626 3885 698 3932 tom.
712 3883 744 3946 t,
766 3897 797 3952 p.
811 3877 846 3951 3,
863 3861 933 3948 sun,
951 3858 1026 3947 aa,
1042 3877 1074 3932 in
1086 3881 1216 3936 Enarrat.
1229 3864 1302 3930 norb·

298 4051 303 4059 Ἦ
330 3975 398 4045 obs.
413 3993 445 4048 a,
459 3976 490 4047 3,
506 3981 536 4044 4.
