2858 4658
162 451 232 500 mr.
243 448 292 498 1v.
311 441 717 513 uenerandumne,
732 402 930 498 etcssrrsr.
946 447 1002 498 nr.
1053 426 1097 501 61

102 581 137 640 et
148 565 324 666 podagrae
344 580 453 637 antea
466 563 669 652 obnoxius,
694 578 776 634 tum
796 563 929 653 etiam,
947 564 1063 662 idque
1080 554 1117 636 a'

103 685 215 782 longo
229 700 423 782 tempore,
436 681 579 754 crebris
596 681 702 778 digiti
714 680 861 779 pollicis
873 681 1023 754 alterius
1035 669 1104 780 pess

104 803 157 873 dis
174 800 532 900 suppurationibus,
551 799 653 871 unde
672 795 819 870 fuscum
842 795 990 896 demper
1006 801 1105 873 colo·

102 945 180 991 rem
209 921 241 991 is
276 919 414 1017 digitus
447 919 671 1006 retinuerat,
705 916 828 988 donec
856 919 1103 990 exsiccatione

104 1037 245 1136 corripi
259 1038 460 1134 inciperet,
484 1034 688 1106 lentissime
708 1059 778 1133 per
796 1049 918 1106 totum
938 1035 1103 1134 denique

103 1179 186 1226 eum
216 1153 395 1252 digitum,
423 1167 553 1250 postea
579 1167 704 1224 autem
731 1177 800 1250 per
818 1167 939 1223 totum
963 1155 1103 1250 pariter

103 1273 316 1370 proximum
331 1270 489 1368 digitum
507 1285 721 1368 propagata.
744 1271 818 1360 Qui
833 1293 912 1341 non
936 1294 1043 1344 secus
1058 1295 1102 1343 ac

102 1390 249 1490 pollex,
265 1412 381 1488 quem
396 1386 534 1492 frustra
546 1401 850 1485 amputaverant,
870 1412 915 1458 ex
925 1411 1002 1485 quo
1015 1413 1101 1488 pre-

103 1506 241 1580 hensus
254 1505 328 1578 hoc
343 1505 479 1576 morbo
494 1502 634 1591 fuerat,
654 1505 780 1576 aridus
798 1529 946 1604 semper
963 1507 1102 1580 siccus·

104 1651 173 1723 que
193 1585 474 1723 permanserat,
492 1623 565 1694 nisi
583 1621 688 1719 quod
711 1646 834 1719 nuper
856 1625 953 1694 circa
972 1639 1109 1698 exten--

104 1767 223 1815 sorem
246 1743 327 1838 ejus
349 1741 455 1838 digiti
478 1739 672 1812 tendinem
703 1740 859 1837 aliquod
886 1742 1101 1841 incipientis

104 1863 204 1959 puris
228 1859 412 1931 indicium
438 1855 559 1930 fuerat
583 1857 893 1931 animadversum.
920 1863 1102 1958 thuan-

106 2001 218 2075 quam
242 1993 285 2048 ut
304 1976 510 2074 plurimum
536 1976 576 2046 in
601 1989 802 2048 metatarso
827 1971 988 2048 obscura
1005 2003 1104 2074 quae·

106 2095 188 2166 dam
201 2093 448 2166 inflammatio
463 2117 542 2166 esse
557 2092 774 2183 videbatur,
789 2107 868 2165 erat
880 2110 1005 2210 tpmen
1024 2095 1104 2168 haec
1205 2167 1206 2174 ,

106 2214 181 2286 sine
199 2212 279 2283 ullo
297 2211 531 2283 subsistentis
543 2211 714 2284 humoris
730 2213 885 2310 vestigio
897 2268 906 2302 ,
920 2211 1103 2284 mediocri

106 2347 228 2422 autem
257 2328 505 2402 cumdolore.
539 2329 666 2402 Febris
702 2354 857 2427 quoque
887 2355 966 2402 non
987 2332 1103 2405 semel

107 2447 256 2546 quidem
272 2460 495 2537 accesserat,
514 2449 612 2520 circa
627 2450 883 2546 vespertinum
897 2453 1101 2547 praesertim
1212 2539 1216 2548 .

108 2579 253 2664 tempus
281 2563 515 2653 exacerbata,
538 2565 603 2638 sed
639 2566 747 2636 nullo
776 2591 944 2662 unquam
966 2569 1103 2663 praevio

108 2683 285 2784 horrore,
311 2682 417 2754 nullo
442 2682 550 2754 valde
576 2699 686 2754 acuto
713 2685 915 2755 comitante
939 2700 1106 2783 sympto-

108 2815 212 2872 mate.
231 2803 322 2890 Quae
341 2799 402 2872 bic
428 2801 497 2872 tibi
517 2801 620 2872 volui
642 2800 841 2898 diligenter
868 2801 1103 2894 describere,
1204 2827 1211 2838 ·

110 2934 148 2991 ut
164 2943 251 2992 cum
263 2919 308 2991 iis
322 2943 410 2990 mox
426 2920 546 3017 possis
562 2944 644 3017 quae
664 2919 765 3018 apud
783 2933 956 2992 auctores
975 2938 1106 3018 postea

111 3035 200 3136 legi,
221 3053 286 3109 aut
302 3039 495 3136 proposita
513 3037 605 3107 mihi
623 3034 790 3127 fuerant,
810 3039 989 3136 exemplis
1006 3065 1107 3112 com·

112 3179 247 3252 parare.
271 3154 527 3243 Creberrima,
547 3155 666 3227 sicubi
684 3155 792 3244 alibi,
815 3156 856 3225 in
879 3155 1108 3253 quibusdam

114 3273 233 3344 Gallias
258 3271 478 3371 regionibus
499 3274 663 3346 extitere.
697 3275 828 3370 Neque
857 3277 957 3345 enim
985 3277 1109 3348 solum

115 3391 477 3489 circaannum1710
499 3391 595 3462 sicca
619 3393 688 3462 ista
712 3415 908 3490 gangraena
934 3393 1110 3467 adnotata

117 3524 180 3596 est,
194 3508 258 3581 sed
273 3523 311 3580 et
331 3510 429 3580 circa
444 3533 586 3601 annum
615 3509 707 3606 1676
726 3523 768 3579 ut
782 3509 821 3578 in
834 3507 989 3581 historia
1002 3514 1111 3610 regiae

117 3623 207 3703 illius
217 3627 459 3700 scientiarum
469 3628 676 3699 Academiae
694 3627 750 3726 (1)
763 3627 971 3716 indicatur,
986 3631 1062 3700 imo
1075 3645 1112 3704 et

155 4004 197 4087 (1)
216 4009 274 4068 An.
291 4005 575 4085 '1710,hotanique.
