2858 4660
246 337 319 422 440
414 353 461 400 nr
487 351 633 404 sumnus
659 353 703 427 rr
728 351 852 400 ouusrs
878 352 1089 402 moruorum
1121 369 1151 402 ·.

185 551 189 560 ¹
245 465 416 564 mustelis
429 479 598 555 tantum,
616 465 682 537 sed
700 477 757 538 tot
775 465 875 564 aliis,
890 465 1117 538 animalibus
1133 463 1175 538 hi
1189 464 1256 540 ob·

248 587 388 684 tigere,
403 598 497 681 quot
516 582 575 654 vel
602 598 805 680 antequam
829 582 891 653 alii
913 583 952 652 in
978 582 1058 655 aliis
1076 597 1114 654 et
1137 585 1259 654 nomi·

250 702 370 774 natim
405 702 641 798 Peyronnius
670 701 725 797 (ι)
757 701 796 770 in
822 697 1044 792 mosehffero
1076 701 1257 786 animoli,

247 818 496 906 indicassent,
509 819 548 890 in
555 817 934 910 Adversariisnostris
947 816 1002 914 (α)
1015 818 1091 912 jam
1104 817 1258 916 legeris3

247 952 291 1009 ut
310 938 448 1008 mirum
469 935 623 1024 nonsit,
651 935 834 1033 scriptum
858 957 938 1008 esse
959 951 1090 1033 postea
1109 959 1130 1005 a
1149 960 1257 1034 praes-

246 1052 415 1128 tentibus
430 1053 540 1141 viris,
559 1058 597 1124 io
608 1051 895 1150 quadrupedum
908 1077 1006 1150 pene
1016 1066 1094 1122 toto
1101 1076 1261 1148 genere,

248 1185 313 1243 aut
332 1169 484 1256 saltem,
507 1171 688 1268 quoniam
706 1169 834 1267 plures
850 1184 975 1246 tamen
1002 1170 1146 1267 species
1169 1185 1261 1242 sunt

248 1284 491 1384 excipiendae,
521 1291 704 1372 maxime,
723 1285 827 1356 utel.
852 1289 1045 1358 Fautonus
1059 1285 1115 1383 (3)
1132 1285 1261 1384 loqui-

249 1387 335 1500 }ur,
366 1407 403 1472 in
433 1402 602 1500 digitalis
638 1401 946 1500 quadrupedibus
978 1418 1016 1473 et
1055 1409 1263 1475 carnivorae

249 1525 415 1620 reperiri.
435 1519 501 1590 Illa
516 1520 628 1618 igitur
641 1541 751 1594 causa
767 1517 886 1591 rabiei
909 1520 1094 1618 seposita‚·
1120 1521 1151 1594 si
1176 1545 1260 1594 rem

248 1635 515 1712 tantummodo
530 1637 844 1736 spectemus,[vix
874 1635 1034 1711 dubium
1059 1653 1134 1728 est,
1163 1642 1260 1736 quin

248 1769 337 1856 post
347 1778 474 1842 canes,
490 1749 581 1826 feles
593 1779 669 1852 prae
682 1753 904 1844 caeteris‚'ut
915 1753 1108 1846 dicebam,
1121 1755 1262 1854 hydro-

169 1965 172 1970 Ι
249 1859 432 1972 phobiam
461 1868 645 1960 inferant,
668 1886 734 1944 aut
757 1896 873 1945 noxas
896 1871 944 1944 ad
967 1871 1066 1945 hanc
1083 1874 1261 1972 proxime

241 1990 481 2072 ‘accedentes
496 1990 579 2060 Tria
597 1986 712 2062 habet
730 1989 900 2088 exempla
914 1991 1261 2088 Scaramucciusffi)

253 2111 294 2180 in
321 2106 466 2200 duabus
489 2106 665 2210 videlieet
688 2104 858 2196 feminis,
884 2123 921 2179 et
953 2109 992 2180 in
1018 2107 1260 2206 presbytero:

252 2225 344 2298 bina
354 2225 562 2323 Bro'gianus
576 2223 652 2322 (5),
669 2225 827 2298 alterum
838 2225 877 2296 io
893 2224 1107 2316 sacerdote,
1123 2228 1164 2297 in
1177 2230 1261 2298 viro

253 2343 425 2442 quodam·
442 2342 623 2415 alterum:
649 2365 770 2414 unum
792 2341 1020 2414 Lindemius
1041 2343 1117 2439 (6):
1141 2358 1195 2433 et,
1213 2369 1263 2418 ne

252 2459 404 2558 longius
416 2458 567 2548 faciam,
583 2484 683 2532 unus
700 2460 922 2559 Stalpartius
940 2459 996 2560 (7)
1010 2485 1150 2534 novem
1168 2487 1263 2560 pro-

255 2579 448 2652 duxerata
465 2575 600 2652 felibus
616 2577 720 2652 rabie
745 2575 929 2667 infectos,
948 2602 1072 2676 euque¹
1096 2581 1265 2668 occisos,

255 2721 421 2795 quorum
439 2698 603 2794 primum
628 2697 708 2793 ipse
726 2693 890 2780 viderat,
906 2695 1075 2793 reliquos
1089 2701 1263 2786 AmatuS,

167 2873 170 2878 ,
256 2813 460 2903 Hildonus,
485 2819 643 2886 Zacutus
668 2828 979 2888 memoraverunt.
1008 2817 1141 2912 Neque
1160 2814 1263 2913 apud

257 2931 455 3002 Patavinos
477 2931 691 3036 exemplum
720 2915 839 3004 defuit
864 2931 974 3004 annis
1001 2931 1262 3030 superioribus

363 3289 453 3344 Mem.
466 3287 503 3343 de
513 3286 626 3344 l'Acad.
638 3306 703 3363 roy.
718 3288 769 3346 des
781 3288 829 3346 So.
840 3328 849 3363 ,
861 3303 913 3348 on.
926 3289 1013 3361 1731.

362 3389 415 3460 IV,
429 3387 569 3444 Animad.
585 3405 632 3464 29.

363 3487 488 3545 Dissert.
505 3489 594 3544 Anat.
611 3505 715 3545 renov.
733 3493 760 3556 1,.

363 3589 462 3665 Supra
476 3589 557 3645 adn.
574 3607 630 3661 ιι,
647 3589 697 3660 cit.¹

362 3691 395 3746 P.
412 3707 445 3761 o,
459 3689 533 3746 ibid.
551 3689 601 3746 eit.

362 3790 527 3847 Commero.
542 3789 634 3846 litter.
646 3805 694 3844 an·
712 3783 805 3858 1735,
819 3786 909 3844 hebd.
926 3805 975 3859 11,
989 3803 1019 3843 n.
1034 3804 1064 3844 ο.

259 3915 267 3926 -=
313 3888 343 3966 7)
364 3891 448 3948 Ceut.
469 3909 500 3963 1,
516 3889 633 3946 observ.
651 3904 707 3950 roo
719 3895 749 3944 et
761 3885 794 3942 in
808 3886 901 3944 schol.
