2782 4652
307 423 379 517 {nd
471 442 518 494 ns
543 431 690 491 sturnus
714 437 757 484 rr
783 433 906 490 cansrs
928 425 1140 484 noaromnr

308 561 458 636 Scilicet
484 554 531 627 ad
554 573 640 624 cunr
659 549 895 622 distentionis
920 547 1077 646 gradum
1108 547 1293 646 pervenire

308 680 470 776 denique
487 681 693 772 potuerunt
704 681 874 754 externa,
887 665 1113 763 internaque
1125 689 1210 739 vasa
1219 691 1294 764 qun

306 803 406 872 intra
432 790 629 866 calvariam
651 798 754 872 sunt,
779 797 820 854 ut
839 781 1028 880 quidquid
1054 784 1136 880 ipsa
1152 784 1295 855 conclu.

309 919 380 1007 dit,
408 900 732 984 vehementissime
768 901 1073 997 comprimerent.
1116 902 1293 990 Quoniam

308 1057 398 1107 vero
420 1045 457 1102 et
484 1021 563 1112 his',
591 1037 628 1094 et
646 1019 728 1092 aliis
753 1042 847 1116 saepe
864 1016 913 1091 ad
932 1032 968 1088 te
987 1017 1120 1089 litteris
1140 1017 1189 1089 ab
1208 1019 1294 1113 ejus·

301 1135 763 1242 ¹modicompressionibus
774 1133 889 1232 petita
899 1118 1073 1210 causaest
1089 1135 1293 1232 apoplexin

283 1275 286 1280 ’
308 1292 397 1344 cave
417 1259 632 1360 suspiceris,
653 1253 802 1326 obstare
821 1250 932 1324 nobis
955 1235 1296 1350 ct.'Laghit(1)n,

308 1386 540 1489 perimente,
557 1371 696 1472 quibus
711 1365 779 1468 per
794 1369 1087 1442 instrumentum
1102 1367 1199 1443 illud
1219 1393 1295 1440 saue

309 1506 474 1602 elegans,
505 1520 526 1566 a
550 1489 810 1572 nobilissimo,
839 1484 1049 1582 eodemque
1084 1486 1296 1583 ingeniosis

310 1625 405 1698 simo
429 1613 565 1687 comite
586 1609 768 1704 Gregorio
786 1603 933 1676 Casulio
949 1605 1220 1700 excogltatum‚
1245 1627 1296 1675 os·

309 1736 447 1820 tendit,
466 1733 505 1804 in
518 1725 675 1800 canibus
692 1720 890 1796 cerebrum
908 1743 1018 1819 posse
1034 1721 1237 1818 comprimi
1257 1719 1296 1790 ad

309 1843 701 1931 Londinenses'lineas
714 1841 913 1912 minimum
934 1861 998 1910 sex
1011 1835 1155 1935 absque
1175 1835 1248 1908 ullo
1264 1839 1296 1908 iu

308 1975 382 2048 illis
398 1965 575 2043 molestiae
590 1959 752 2032 iudicio:
773 1956 866 2053 quin
886 1953 953 2026 ubi
974 1955 1084 2051 queri
1098 1955 1296 2052 incipiunt,

310 2087 488 2192 paulatim
505 2103 594 2152 mox
602 2076 813 2174 quiescere,
830 2071 915 2142 nisi'
927 2071 1157 2168 compressio
1178 2095 1298 2168 augea·
1376 2091 1377 2116 ³

310 2225 389 2282 tur:
404 2225 475 2273 nec
487 2195 590 2298 prius
603 2192 711 2292 quasi
724 2188 920 2288 apoplexia
936 2186 1144 2288 prehensos
1155 2187 1296 2273 cadere,
1374 2155 1377 2284 1

311 2346 424 2423 quarn
439 2309 729 2412 compressionis
746 2304 882 2404 gradus
896 2303 942 2376 ad
957 2302 1134 2402 pollicem
1159 2305 1297 2377 circiter

312 2437 535 2544 pervenerit.
564 2430 643 2504 Atia
662 2431 762 2502 enim
788 2419 843 2499 est
869 2426 932 2496 illa
961 2428 1214 2523 compressio,
1237 2424 1298 2495 alia

309 2566 381 2636 ista
400 2558 447 2630 de
464 2578 538 2654 qua
559 2549 620 2620 bic
644 2545 799 2645 quidem
825 2567 895 2616 nos
916 2543 1120 2641 loquimur.
1148 2541 1217 2614 llla
1233 2542 1299 2614 exi-

311 2703 391 2781 guae
406 2671 606 2779 adhibetur
624 2663 767 2737 cerebri
797 2663 911 2760 parti3
928 2674 1058 2732 nostra
1075 2663 1220 2732 circum
1237 2683 1302 2730 un«

310 2800 447 2895 dique,
464 2792 541 2860 imo
567 2785 679 2856 etiarn
702 2780 844 2876 ubique
871 2779 1050 2864 interius,
1071 2777 1185 2861 simul
1207 2797 1298 2850 cere.

246 2915 249 2938 '
310 2915 399 2998 bro,
421 2901 627 2988 cerebello,
644 2913 681 2970 et
699 2895 908 2993 oblongatae
924 2893 1117 2980 medullae,
1141 2895 1239 2966 utin
1259 2917 1296 2965 eo

311 3030 357 3101 de
377 3048 456 3124 qno
474 3022 632 3119 agimus,
650 3013 815 3094 homine.
837 3011 950 3103 Quod
967 3008 1155 3108 siquando
1169 3012 1210 3086 in
1225 3010 1296 3082 eliis
1377 3099 1378 3116 χ

310 3171 390 3217 non
409 3132 594 3235 ejusmodi
620 3131 710 3218 fuit3
736 3145 774 3200 at
794 3127 865 3200 alia
889 3127 1123 3213 addidimus,
1149 3149 1296 3221 eamque
1377 3179 1378 3186 1

292 3267 408 3334 iutra
421 3254 589 3328 cranium
608 3264 710 3344 certe
723 3248 918 3345 posuimus
928 3244 1097 3342 undique
1117 3245 1295 3330 clausum,

311 3395 348 3454 er
361 3375 557 3480 resistens,
580 3391 657 3436 non
676 3377 842 3478 exparte
868 3362 945 3434 ulla
965 3377 1165 3460 apertum:
1192 3385 1296 3461 quan·

310 3519 422 3597 quam
436 3488 580 3561 feminae
597 3483 652 3554 illi
665 3480 712 3553 de
726 3505 799 3578 qua
815 3481 935 3578 Regiae
951 3479 1199 3552 scientiarum
1217 3487 1295 3554 Aen·

311 3613 440 3687 demiae
467 3601 666 3677 Parisiensi
689 3597 817 3696 retulit
842 3598 1063 3694 Poupartius
1090 3583 1293 3694 (2),'dimi.

305 3773 1291 3812 W

350 3891 392 3974 (ι)
413 3895 458 3949 De
473 3885 649 3953 sensibilis,
666 3895 739 3951 eto,
753 3899 839 3937 serm.
855 3896 883 3934 a.

351 3991 393 4074 (a)
413 3991 488 4050 Hist.
504 4007 552 4046 an.
570 4002 663 4062 1700,
683 3981 747 4040 obs.
763 3989 841 4037 anat.
859 3995 908 4036 ao.
