<?xml version="1.0" encoding="UTF-8"?>
<!DOCTYPE html PUBLIC "-//W3C//DTD XHTML 1.0 Transitional//EN"
    "http://www.w3.org/TR/xhtml1/DTD/xhtml1-transitional.dtd">
<html xmlns="http://www.w3.org/1999/xhtml" xml:lang="en" lang="en">
 <head>
  <title>
</title>
<meta http-equiv="Content-Type" content="text/html;charset=utf-8" />
  <meta name='ocr-system' content='tesseract 3.04.00' />
  <meta name='ocr-capabilities' content='ocr_page ocr_carea ocr_par ocr_line ocrx_word'/>
</head>
<body>
  <div class='ocr_page' id='page_1' title='image "./desedibusetcaus02adelgoog_0501.png"; bbox 0 0 2824 4652; ppageno 0'>
   <div class='ocr_carea' id='block_1_1' title="bbox 192 394 1144 486">
    <p class='ocr_par' dir='ltr' id='par_1_1' title="bbox 192 394 1144 486">
     <span class='ocr_line' id='line_1_1' title="bbox 192 394 1144 486; baseline -0.004 -8"><span class='ocrx_word' id='word_1_1' title='bbox 192 409 196 416; x_wconf 83' lang='grc'><em>’</em></span> <span class='ocrx_word' id='word_1_2' title='bbox 300 401 374 480; x_wconf 84' lang='lat'><strong>510</strong></span> <span class='ocrx_word' id='word_1_3' title='bbox 466 427 515 486; x_wconf 75' lang='lat' dir='ltr'><strong>nn</strong></span> <span class='ocrx_word' id='word_1_4' title='bbox 538 423 686 476; x_wconf 76' lang='lat' dir='ltr'><strong>sununs</strong></span> <span class='ocrx_word' id='word_1_5' title='bbox 710 425 755 474; x_wconf 82' lang='lat' dir='ltr'><strong>nr</strong></span> <span class='ocrx_word' id='word_1_6' title='bbox 779 394 905 474; x_wconf 73' lang='lat' dir='ltr'><strong>causrs</strong></span> <span class='ocrx_word' id='word_1_7' title='bbox 930 423 1144 474; x_wconf 75' lang='lat' dir='ltr'><strong>morannum</strong></span> 
     </span>
    </p>
   </div>
   <div class='ocr_carea' id='block_1_2' title="bbox 214 537 1404 4056">
    <p class='ocr_par' dir='ltr' id='par_1_2' title="bbox 300 482 1400 879">
     <span class='ocr_line' id='line_1_2' title="bbox 300 537 1314 642; baseline -0.001 -29"><span class='ocrx_word' id='word_1_8' title='bbox 300 545 543 642; x_wconf 87' lang='lat' dir='ltr'><strong>quippeeum</strong></span> <span class='ocrx_word' id='word_1_9' title='bbox 562 553 768 637; x_wconf 89' lang='lat' dir='ltr'><strong>utrumque</strong></span> <span class='ocrx_word' id='word_1_10' title='bbox 780 538 834 610; x_wconf 89' lang='lat' dir='ltr'><strong>sic</strong></span> <span class='ocrx_word' id='word_1_11' title='bbox 850 537 977 612; x_wconf 91' lang='lat' dir='ltr'><strong>minus</strong></span> <span class='ocrx_word' id='word_1_12' title='bbox 995 555 1130 638; x_wconf 88' lang='lat' dir='ltr'><strong>aptum</strong></span> <span class='ocrx_word' id='word_1_13' title='bbox 1152 553 1256 614; x_wconf 88' lang='lat' dir='ltr'><strong>esset</strong></span> <span class='ocrx_word' id='word_1_14' title='bbox 1268 537 1314 613; x_wconf 87' lang='lat' dir='ltr'><strong>ad</strong></span> 
     </span>
     <span class='ocr_line' id='line_1_3' title="bbox 301 629 1400 756; baseline -0.004 -22"><span class='ocrx_word' id='word_1_15' title='bbox 301 685 341 734; x_wconf 81' lang='lat' dir='ltr'><strong>se</strong></span> <span class='ocrx_word' id='word_1_16' title='bbox 363 659 486 732; x_wconf 88' lang='lat' dir='ltr'><strong>statim</strong></span> <span class='ocrx_word' id='word_1_17' title='bbox 510 637 566 732; x_wconf 48' lang='lat' dir='ltr'><strong>ac&#39;</strong></span> <span class='ocrx_word' id='word_1_18' title='bbox 582 671 778 756; x_wconf 85' lang='lat' dir='ltr'><strong>oporteret</strong></span> <span class='ocrx_word' id='word_1_19' title='bbox 812 655 1149 746; x_wconf 88' lang='lat' dir='ltr'><strong>contrahendum,</strong></span> <span class='ocrx_word' id='word_1_20' title='bbox 1188 660 1315 732; x_wconf 76' lang='lat' dir='ltr'><strong>nervis</strong></span> <span class='ocrx_word' id='word_1_21' title='bbox 1399 629 1400 682; x_wconf 74' lang='lat' dir='ltr'><strong>l</strong></span> 
     </span>
     <span class='ocr_line' id='line_1_4' title="bbox 302 771 1315 879; baseline -0.004 -29"><span class='ocrx_word' id='word_1_22' title='bbox 302 777 508 879; x_wconf 78' lang='lat' dir='ltr'><strong>pracsertim</strong></span> <span class='ocrx_word' id='word_1_23' title='bbox 525 773 578 848; x_wconf 92' lang='lat' dir='ltr'><strong>ob</strong></span> <span class='ocrx_word' id='word_1_24' title='bbox 596 773 854 847; x_wconf 83' lang='lat' dir='ltr'><strong>dilatationem</strong></span> <span class='ocrx_word' id='word_1_25' title='bbox 872 774 996 872; x_wconf 86' lang='lat' dir='ltr'>ipsam</span> <span class='ocrx_word' id='word_1_26' title='bbox 1014 771 1220 848; x_wconf 79' lang='lat' dir='ltr'><strong>distractis.</strong></span> <span class='ocrx_word' id='word_1_27' title='bbox 1244 774 1315 848; x_wconf 87' lang='lat' dir='ltr'><strong>Sed</strong></span> 
     </span>
    </p>

    <p class='ocr_par' dir='ltr' id='par_1_3' title="bbox 304 889 1401 1018">
     <span class='ocr_line' id='line_1_5' title="bbox 304 889 1401 1018; baseline -0.002 -50"><span class='ocrx_word' id='word_1_28' title='bbox 304 891 492 994; x_wconf 85' lang='lat' dir='ltr'><strong>nequead</strong></span> <span class='ocrx_word' id='word_1_29' title='bbox 510 889 697 988; x_wconf 89' lang='lat' dir='ltr'><strong>ejusmodi</strong></span> <span class='ocrx_word' id='word_1_30' title='bbox 718 913 867 965; x_wconf 88' lang='lat' dir='ltr'><strong>causam</strong></span> <span class='ocrx_word' id='word_1_31' title='bbox 884 907 950 964; x_wconf 88' lang='lat' dir='ltr'><strong>ant</strong></span> <span class='ocrx_word' id='word_1_32' title='bbox 966 891 1110 982; x_wconf 88' lang='lat' dir='ltr'><strong>solum,</strong></span> <span class='ocrx_word' id='word_1_33' title='bbox 1130 907 1202 965; x_wconf 86' lang='lat' dir='ltr'><strong>aut</strong></span> <span class='ocrx_word' id='word_1_34' title='bbox 1223 917 1316 992; x_wconf 84' lang='lat' dir='ltr'><strong>prae-</strong></span> <span class='ocrx_word' id='word_1_35' title='bbox 1400 942 1401 1018; x_wconf 62' lang='lat' dir='ltr'><strong>l</strong></span> 
     </span>
    </p>

    <p class='ocr_par' dir='ltr' id='par_1_4' title="bbox 214 1007 1402 1698">
     <span class='ocr_line' id='line_1_6' title="bbox 214 1007 1401 1114; baseline -0.002 -30"><span class='ocrx_word' id='word_1_36' title='bbox 214 1071 216 1084; x_wconf 92' lang='lat'><strong>.</strong></span> <span class='ocrx_word' id='word_1_37' title='bbox 305 1015 434 1113; x_wconf 84' lang='lat' dir='ltr'><strong>cipue,</strong></span> <span class='ocrx_word' id='word_1_38' title='bbox 454 1009 634 1109; x_wconf 89' lang='lat' dir='ltr'><strong>pulsuum</strong></span> <span class='ocrx_word' id='word_1_39' title='bbox 657 1023 800 1081; x_wconf 87' lang='lat' dir='ltr'><strong>tantam</strong></span> <span class='ocrx_word' id='word_1_40' title='bbox 827 1009 1020 1082; x_wconf 85' lang='lat' dir='ltr'><strong>raritatem</strong></span> <span class='ocrx_word' id='word_1_41' title='bbox 1041 1033 1122 1082; x_wconf 89' lang='lat' dir='ltr'><strong>esse</strong></span> <span class='ocrx_word' id='word_1_42' title='bbox 1148 1007 1317 1084; x_wconf 84' lang='lat' dir='ltr'><strong>referen-</strong></span> <span class='ocrx_word' id='word_1_43' title='bbox 1400 1021 1401 1114; x_wconf 53' lang='lat' dir='ltr'><strong>l</strong></span> 
     </span>
     <span class='ocr_line' id='line_1_7' title="bbox 293 1123 1401 1225; baseline -0.006 -22"><span class='ocrx_word' id='word_1_44' title='bbox 293 1129 415 1220; x_wconf 83' lang='lat' dir='ltr'><strong>dam,</strong></span> <span class='ocrx_word' id='word_1_45' title='bbox 431 1127 491 1199; x_wconf 83' lang='lat' dir='ltr'><strong>vel</strong></span> <span class='ocrx_word' id='word_1_46' title='bbox 508 1125 598 1216; x_wconf 85' lang='lat' dir='ltr'><strong>hinc</strong></span> <span class='ocrx_word' id='word_1_47' title='bbox 610 1125 820 1224; x_wconf 84' lang='lat' dir='ltr'><strong>intelligere</strong></span> <span class='ocrx_word' id='word_1_48' title='bbox 837 1125 1007 1224; x_wconf 81' lang='lat' dir='ltr'><strong>proclive</strong></span> <span class='ocrx_word' id='word_1_49' title='bbox 1030 1123 1133 1216; x_wconf 84' lang='lat' dir='ltr'><strong>fore,</strong></span> <span class='ocrx_word' id='word_1_50' title='bbox 1156 1127 1317 1225; x_wconf 87' lang='lat' dir='ltr'><strong>quodiu</strong></span> <span class='ocrx_word' id='word_1_51' title='bbox 1400 1157 1401 1196; x_wconf 68' lang='lat'>1</span> 
     </span>
     <span class='ocr_line' id='line_1_8' title="bbox 305 1243 1316 1342; baseline -0.001 -23"><span class='ocrx_word' id='word_1_52' title='bbox 305 1262 362 1320; x_wconf 91' lang='lat' dir='ltr'><strong>tot</strong></span> <span class='ocrx_word' id='word_1_53' title='bbox 384 1246 466 1318; x_wconf 90' lang='lat' dir='ltr'><strong>aliis</strong></span> <span class='ocrx_word' id='word_1_54' title='bbox 485 1267 652 1342; x_wconf 90' lang='lat' dir='ltr'><strong>quorum</strong></span> <span class='ocrx_word' id='word_1_55' title='bbox 674 1243 821 1329; x_wconf 91' lang='lat' dir='ltr'><strong>cordis,</strong></span> <span class='ocrx_word' id='word_1_56' title='bbox 839 1257 877 1316; x_wconf 94' lang='lat' dir='ltr'><strong>et</strong></span> <span class='ocrx_word' id='word_1_57' title='bbox 894 1243 1039 1316; x_wconf 82' lang='lat' dir='ltr'><strong>arteriae</strong></span> <span class='ocrx_word' id='word_1_58' title='bbox 1055 1259 1174 1316; x_wconf 84' lang='lat' dir='ltr'><strong>aortae</strong></span> <span class='ocrx_word' id='word_1_59' title='bbox 1202 1270 1316 1319; x_wconf 85' lang='lat' dir='ltr'><strong>aneu·</strong></span> 
     </span>
     <span class='ocr_line' id='line_1_9' title="bbox 305 1359 1317 1464; baseline -0.002 -28"><span class='ocrx_word' id='word_1_60' title='bbox 305 1379 469 1464; x_wconf 81' lang='lat' dir='ltr'><strong>rysmata</strong></span> <span class='ocrx_word' id='word_1_61' title='bbox 483 1417 493 1452; x_wconf 93' lang='lat'><strong>,</strong></span> <span class='ocrx_word' id='word_1_62' title='bbox 506 1361 631 1454; x_wconf 24' lang='lat' dir='ltr'><strong>,multo</strong></span> <span class='ocrx_word' id='word_1_63' title='bbox 646 1362 758 1434; x_wconf 88' lang='lat' dir='ltr'><strong>etiam</strong></span> <span class='ocrx_word' id='word_1_64' title='bbox 776 1359 858 1434; x_wconf 90' lang='lat' dir='ltr'><strong>istis</strong></span> <span class='ocrx_word' id='word_1_65' title='bbox 875 1361 1036 1458; x_wconf 86' lang='lat' dir='ltr'><strong>majora,</strong></span> <span class='ocrx_word' id='word_1_66' title='bbox 1058 1361 1317 1461; x_wconf 90' lang='lat' dir='ltr'><strong>deprehendi·</strong></span> 
     </span>
     <span class='ocr_line' id='line_1_10' title="bbox 307 1475 1319 1578; baseline -0.002 -24"><span class='ocrx_word' id='word_1_67' title='bbox 307 1505 414 1571; x_wconf 90' lang='lat' dir='ltr'><strong>mus,</strong></span> <span class='ocrx_word' id='word_1_68' title='bbox 429 1477 661 1578; x_wconf 86' lang='lat' dir='ltr'><strong>ejuscemodi</strong></span> <span class='ocrx_word' id='word_1_69' title='bbox 682 1477 814 1578; x_wconf 90' lang='lat' dir='ltr'><strong>pulsus</strong></span> <span class='ocrx_word' id='word_1_70' title='bbox 827 1502 907 1552; x_wconf 90' lang='lat' dir='ltr'><strong>non</strong></span> <span class='ocrx_word' id='word_1_71' title='bbox 925 1475 1051 1568; x_wconf 85' lang='lat' dir='ltr'><strong>fuere,</strong></span> <span class='ocrx_word' id='word_1_72' title='bbox 1067 1481 1112 1551; x_wconf 84' lang='lat' dir='ltr'><strong>tit</strong></span> <span class='ocrx_word' id='word_1_73' title='bbox 1123 1481 1205 1552; x_wconf 85' lang='lat' dir='ltr'><strong>nisi</strong></span> <span class='ocrx_word' id='word_1_74' title='bbox 1223 1480 1319 1552; x_wconf 91' lang='lat' dir='ltr'><strong>aliud</strong></span> 
     </span>
     <span class='ocr_line' id='line_1_11' title="bbox 308 1593 1402 1698; baseline -0.002 -27"><span class='ocrx_word' id='word_1_75' title='bbox 308 1598 464 1698; x_wconf 81' lang='lat' dir='ltr'><strong>aliquod</strong></span> <span class='ocrx_word' id='word_1_76' title='bbox 483 1595 653 1684; x_wconf 86' lang='lat' dir='ltr'><strong>accedat,</strong></span> <span class='ocrx_word' id='word_1_77' title='bbox 668 1619 735 1670; x_wconf 90' lang='lat' dir='ltr'><strong>eos</strong></span> <span class='ocrx_word' id='word_1_78' title='bbox 747 1620 828 1669; x_wconf 91' lang='lat' dir='ltr'><strong>non</strong></span> <span class='ocrx_word' id='word_1_79' title='bbox 845 1593 934 1668; x_wconf 85' lang='lat' dir='ltr'><strong>inde</strong></span> <span class='ocrx_word' id='word_1_80' title='bbox 955 1593 1040 1668; x_wconf 82' lang='lat' dir='ltr'><strong>fieri</strong></span> <span class='ocrx_word' id='word_1_81' title='bbox 1053 1599 1144 1670; x_wconf 88' lang='lat' dir='ltr'><strong>satis</strong></span> <span class='ocrx_word' id='word_1_82' title='bbox 1161 1613 1317 1671; x_wconf 87' lang='lat' dir='ltr'><strong>constet.</strong></span> <span class='ocrx_word' id='word_1_83' title='bbox 1401 1679 1402 1686; x_wconf 7' lang='grc' dir='ltr'>ἵ</span> 
     </span>
    </p>

    <p class='ocr_par' dir='ltr' id='par_1_5' title="bbox 248 1707 1402 1814">
     <span class='ocr_line' id='line_1_12' title="bbox 248 1707 1402 1814; baseline -0.001 -26"><span class='ocrx_word' id='word_1_84' title='bbox 248 1764 250 1769; x_wconf 90' lang='lat'>-</span> <span class='ocrx_word' id='word_1_85' title='bbox 309 1721 392 1788; x_wconf 88' lang='lat' dir='ltr'><strong>Hoc</strong></span> <span class='ocrx_word' id='word_1_86' title='bbox 419 1731 545 1789; x_wconf 88' lang='lat' dir='ltr'><strong>antem</strong></span> <span class='ocrx_word' id='word_1_87' title='bbox 569 1713 675 1814; x_wconf 91' lang='lat' dir='ltr'><strong>quod</strong></span> <span class='ocrx_word' id='word_1_88' title='bbox 773 1729 810 1788; x_wconf 87' lang='lat' dir='ltr'><strong>et</strong></span> <span class='ocrx_word' id='word_1_89' title='bbox 833 1711 1035 1802; x_wconf 82' lang='lat' dir='ltr'><strong>accedere,</strong></span> <span class='ocrx_word' id='word_1_90' title='bbox 1067 1716 1143 1788; x_wconf 90' lang='lat' dir='ltr'><strong>nisi</strong></span> <span class='ocrx_word' id='word_1_91' title='bbox 1176 1732 1318 1789; x_wconf 89' lang='lat' dir='ltr'><strong>certum</strong></span> <span class='ocrx_word' id='word_1_92' title='bbox 1401 1707 1402 1714; x_wconf 51' lang='lat'><em>&#39;</em></span> 
     </span>
    </p>

    <p class='ocr_par' dir='ltr' id='par_1_6' title="bbox 215 1833 1403 2384">
     <span class='ocr_line' id='line_1_13' title="bbox 215 1833 1318 1934; baseline 0.001 -27"><span class='ocrx_word' id='word_1_93' title='bbox 215 1861 221 1876; x_wconf 88' lang='lat'><strong>·</strong></span> <span class='ocrx_word' id='word_1_94' title='bbox 308 1834 502 1934; x_wconf 88' lang='lat' dir='ltr'><strong>quoddam</strong></span> <span class='ocrx_word' id='word_1_95' title='bbox 533 1834 695 1932; x_wconf 89' lang='lat' dir='ltr'><strong>spiritun</strong></span> <span class='ocrx_word' id='word_1_96' title='bbox 770 1847 822 1918; x_wconf 41' lang='lat' dir='ltr'><strong>et,</strong></span> <span class='ocrx_word' id='word_1_97' title='bbox 845 1855 1052 1905; x_wconf 83' lang='lat' dir='ltr'><strong>nervorum</strong></span> <span class='ocrx_word' id='word_1_98' title='bbox 1081 1833 1226 1904; x_wconf 84' lang='lat' dir='ltr'><strong>vitium</strong></span> <span class='ocrx_word' id='word_1_99' title='bbox 1260 1833 1318 1921; x_wconf 90' lang='lat' dir='ltr'><strong>sit,</strong></span> 
     </span>
     <span class='ocr_line' id='line_1_14' title="bbox 310 1949 1321 2052; baseline -0.004 -26"><span class='ocrx_word' id='word_1_100' title='bbox 310 1949 532 2052; x_wconf 82' lang='lat' dir='ltr'><strong>perdifficile</strong></span> <span class='ocrx_word' id='word_1_101' title='bbox 550 1965 607 2024; x_wconf 87' lang='lat' dir='ltr'><strong>est</strong></span> <span class='ocrx_word' id='word_1_102' title='bbox 622 1951 823 2046; x_wconf 72' lang='lat' dir='ltr'><strong>conjicere.</strong></span> <span class='ocrx_word' id='word_1_103' title='bbox 836 1954 921 2026; x_wconf 77' lang='lat' dir='ltr'><strong>Haec</strong></span> <span class='ocrx_word' id='word_1_104' title='bbox 940 1949 1058 2022; x_wconf 89' lang='lat' dir='ltr'><strong>ferme</strong></span> <span class='ocrx_word' id='word_1_105' title='bbox 1073 1949 1218 2024; x_wconf 86' lang='lat' dir='ltr'><strong>dixisse</strong></span> <span class='ocrx_word' id='word_1_106' title='bbox 1235 1965 1321 2023; x_wconf 88' lang='lat' dir='ltr'><strong>tunc</strong></span> 
     </span>
     <span class='ocr_line' id='line_1_15' title="bbox 309 2067 1321 2168; baseline -0.004 -24"><span class='ocrx_word' id='word_1_107' title='bbox 309 2070 492 2156; x_wconf 88' lang='lat' dir='ltr'><strong>memini,</strong></span> <span class='ocrx_word' id='word_1_108' title='bbox 521 2083 559 2140; x_wconf 90' lang='lat' dir='ltr'><strong>et</strong></span> <span class='ocrx_word' id='word_1_109' title='bbox 589 2091 696 2140; x_wconf 89' lang='lat' dir='ltr'><strong>nnuc</strong></span> <span class='ocrx_word' id='word_1_110' title='bbox 718 2067 846 2168; x_wconf 87' lang='lat' dir='ltr'><strong>placet</strong></span> <span class='ocrx_word' id='word_1_111' title='bbox 870 2067 986 2140; x_wconf 85' lang='lat' dir='ltr'><strong>altera</strong></span> <span class='ocrx_word' id='word_1_112' title='bbox 1006 2093 1090 2168; x_wconf 89' lang='lat' dir='ltr'><strong>quae</strong></span> <span class='ocrx_word' id='word_1_113' title='bbox 1107 2067 1159 2140; x_wconf 87' lang='lat' dir='ltr'><strong>ad</strong></span> <span class='ocrx_word' id='word_1_114' title='bbox 1193 2068 1321 2167; x_wconf 89' lang='lat' dir='ltr'><strong>pulsus</strong></span> 
     </span>
     <span class='ocr_line' id='line_1_16' title="bbox 311 2179 1403 2285; baseline -0.004 -25"><span class='ocrx_word' id='word_1_115' title='bbox 311 2189 481 2274; x_wconf 83' lang='lat' dir='ltr'><strong>attineat,</strong></span> <span class='ocrx_word' id='word_1_116' title='bbox 500 2185 834 2259; x_wconf 85' lang='lat' dir='ltr'><strong>meaobervatione</strong></span> <span class='ocrx_word' id='word_1_117' title='bbox 842 2186 971 2284; x_wconf 87' lang='lat' dir='ltr'><strong>quoad</strong></span> <span class='ocrx_word' id='word_1_118' title='bbox 984 2188 1130 2260; x_wconf 88' lang='lat' dir='ltr'><strong>interea</strong></span> <span class='ocrx_word' id='word_1_119' title='bbox 1144 2209 1320 2285; x_wconf 90' lang='lat' dir='ltr'><strong>possum,</strong></span> <span class='ocrx_word' id='word_1_120' title='bbox 1402 2179 1403 2256; x_wconf 81' lang='lat' dir='ltr'><strong>l</strong></span> 
     </span>
     <span class='ocr_line' id='line_1_17' title="bbox 313 2303 656 2384; baseline -0.006 -6"><span class='ocrx_word' id='word_1_121' title='bbox 313 2303 551 2384; x_wconf 86' lang='lat' dir='ltr'><strong>confirmare.</strong></span> <span class='ocrx_word' id='word_1_122' title='bbox 653 2333 656 2340; x_wconf 93' lang='lat'><em>·</em></span> 
     </span>
    </p>

    <p class='ocr_par' dir='ltr' id='par_1_7' title="bbox 312 2420 1404 2984">
     <span class='ocr_line' id='line_1_18' title="bbox 364 2420 1323 2522; baseline 0.007 -29"><span class='ocrx_word' id='word_1_123' title='bbox 364 2448 397 2522; x_wconf 90' lang='lat'><strong>7.</strong></span> <span class='ocrx_word' id='word_1_124' title='bbox 426 2423 602 2494; x_wconf 87' lang='lat' dir='ltr'><strong>Rusticus</strong></span> <span class='ocrx_word' id='word_1_125' title='bbox 622 2420 699 2518; x_wconf 81' lang='lat' dir='ltr'><strong>jam</strong></span> <span class='ocrx_word' id='word_1_126' title='bbox 724 2420 1007 2520; x_wconf 86' lang='lat' dir='ltr'><strong>propemodum</strong></span> <span class='ocrx_word' id='word_1_127' title='bbox 1037 2427 1323 2522; x_wconf 84' lang='lat' dir='ltr'><strong>octogenarius,</strong></span> 
     </span>
     <span class='ocr_line' id='line_1_19' title="bbox 313 2522 1404 2632; baseline 0.002 -18"><span class='ocrx_word' id='word_1_128' title='bbox 313 2543 355 2614; x_wconf 88' lang='lat' dir='ltr'><strong>iu</strong></span> <span class='ocrx_word' id='word_1_129' title='bbox 387 2542 652 2614; x_wconf 88' lang='lat' dir='ltr'><strong>nosocomium</strong></span> <span class='ocrx_word' id='word_1_130' title='bbox 678 2522 862 2632; x_wconf 85' lang='lat' dir='ltr'><strong>admissus</strong></span> <span class='ocrx_word' id='word_1_131' title='bbox 883 2538 934 2611; x_wconf 92' lang='lat' dir='ltr'><strong>ob</strong></span> <span class='ocrx_word' id='word_1_132' title='bbox 957 2541 1159 2614; x_wconf 88' lang='lat' dir='ltr'><strong>tertianam</strong></span> <span class='ocrx_word' id='word_1_133' title='bbox 1180 2541 1322 2616; x_wconf 84' lang='lat' dir='ltr'><strong>febrem</strong></span> <span class='ocrx_word' id='word_1_134' title='bbox 1403 2567 1404 2632; x_wconf 57' lang='grc' dir='ltr'>ζ</span> 
     </span>
     <span class='ocr_line' id='line_1_20' title="bbox 312 2633 1404 2758; baseline 0 -26"><span class='ocrx_word' id='word_1_135' title='bbox 312 2661 626 2734; x_wconf 87' lang='lat' dir='ltr'><strong>intermittentem</strong></span> <span class='ocrx_word' id='word_1_136' title='bbox 639 2711 651 2748; x_wconf 95' lang='lat'><strong>,</strong></span> <span class='ocrx_word' id='word_1_137' title='bbox 666 2672 867 2758; x_wconf 84' lang='lat' dir='ltr'><strong>postquam</strong></span> <span class='ocrx_word' id='word_1_138' title='bbox 883 2673 1035 2732; x_wconf 88' lang='lat' dir='ltr'><strong>sanatus</strong></span> <span class='ocrx_word' id='word_1_139' title='bbox 1055 2656 1151 2750; x_wconf 85' lang='lat' dir='ltr'><strong>fuit,</strong></span> <span class='ocrx_word' id='word_1_140' title='bbox 1182 2661 1322 2736; x_wconf 88' lang='lat' dir='ltr'><strong>ibidem</strong></span> <span class='ocrx_word' id='word_1_141' title='bbox 1403 2633 1404 2726; x_wconf 87' lang='lat' dir='ltr'><strong>l</strong></span> 
     </span>
     <span class='ocr_line' id='line_1_21' title="bbox 313 2761 1322 2876; baseline 0.005 -28"><span class='ocrx_word' id='word_1_142' title='bbox 313 2792 473 2876; x_wconf 87' lang='lat' dir='ltr'><strong>propter</strong></span> <span class='ocrx_word' id='word_1_143' title='bbox 481 2761 739 2876; x_wconf 84' lang='lat' dir='ltr'><strong>paupertatem</strong></span> <span class='ocrx_word' id='word_1_144' title='bbox 751 2776 883 2848; x_wconf 88' lang='lat' dir='ltr'><strong>tandiu</strong></span> <span class='ocrx_word' id='word_1_145' title='bbox 891 2776 1322 2875; x_wconf 85' lang='lat' dir='ltr'><strong>perstititdonecmense</strong></span> 
     </span>
     <span class='ocr_line' id='line_1_22' title="bbox 317 2893 1324 2984; baseline 0.004 -18"><span class='ocrx_word' id='word_1_146' title='bbox 317 2909 451 2968; x_wconf 88' lang='lat' dir='ltr'><strong>octavo</strong></span> <span class='ocrx_word' id='word_1_147' title='bbox 468 2893 657 2966; x_wconf 84' lang='lat' dir='ltr'><strong>diarrhoea</strong></span> <span class='ocrx_word' id='word_1_148' title='bbox 671 2894 805 2984; x_wconf 90' lang='lat' dir='ltr'><strong>semel,</strong></span> <span class='ocrx_word' id='word_1_149' title='bbox 823 2897 981 2984; x_wconf 91' lang='lat' dir='ltr'><strong>iterum,</strong></span> <span class='ocrx_word' id='word_1_150' title='bbox 1004 2919 1048 2967; x_wconf 86' lang='lat' dir='ltr'><strong>ac</strong></span> <span class='ocrx_word' id='word_1_151' title='bbox 1068 2899 1230 2970; x_wconf 86' lang='lat' dir='ltr'><strong>tertium</strong></span> <span class='ocrx_word' id='word_1_152' title='bbox 1246 2923 1324 2970; x_wconf 90' lang='lat' dir='ltr'><strong>cor·</strong></span> 
     </span>
    </p>

    <p class='ocr_par' dir='ltr' id='par_1_8' title="bbox 216 3009 1327 3942">
     <span class='ocr_line' id='line_1_23' title="bbox 216 3009 1324 3110; baseline 0.006 -27"><span class='ocrx_word' id='word_1_153' title='bbox 216 3011 220 3020; x_wconf 86' lang='lat'><em>&#39;</em></span> <span class='ocrx_word' id='word_1_154' title='bbox 315 3027 474 3110; x_wconf 81' lang='lat' dir='ltr'><strong>ceptus,</strong></span> <span class='ocrx_word' id='word_1_155' title='bbox 492 3011 566 3083; x_wconf 87' lang='lat' dir='ltr'><strong>levi</strong></span> <span class='ocrx_word' id='word_1_156' title='bbox 577 3011 733 3086; x_wconf 91' lang='lat' dir='ltr'><strong>demum</strong></span> <span class='ocrx_word' id='word_1_157' title='bbox 748 3009 851 3084; x_wconf 79' lang='lat' dir='ltr'><strong>febre</strong></span> <span class='ocrx_word' id='word_1_158' title='bbox 865 3012 1091 3103; x_wconf 87' lang='lat' dir='ltr'><strong>accedente,</strong></span> <span class='ocrx_word' id='word_1_159' title='bbox 1109 3019 1255 3089; x_wconf 89' lang='lat' dir='ltr'><strong>sensim</strong></span> <span class='ocrx_word' id='word_1_160' title='bbox 1272 3031 1324 3090; x_wconf 80' lang='lat' dir='ltr'><strong>est</strong></span> 
     </span>
     <span class='ocr_line' id='line_1_24' title="bbox 317 3129 1324 3224; baseline 0.008 -24"><span class='ocrx_word' id='word_1_161' title='bbox 317 3143 500 3202; x_wconf 85' lang='lat' dir='ltr'><strong>mortuus.</strong></span> <span class='ocrx_word' id='word_1_162' title='bbox 510 3133 640 3203; x_wconf 84' lang='lat' dir='ltr'><strong>Mense</strong></span> <span class='ocrx_word' id='word_1_163' title='bbox 649 3129 724 3202; x_wconf 89' lang='lat' dir='ltr'><strong>hoo</strong></span> <span class='ocrx_word' id='word_1_164' title='bbox 738 3131 875 3204; x_wconf 91' lang='lat' dir='ltr'><strong>ultimo</strong></span> <span class='ocrx_word' id='word_1_165' title='bbox 885 3133 1002 3204; x_wconf 80' lang='lat' dir='ltr'><strong>urinae</strong></span> <span class='ocrx_word' id='word_1_166' title='bbox 1018 3129 1324 3224; x_wconf 77' lang='lat' dir='ltr'><strong>fueruntcrassae,</strong></span> 
     </span>
     <span class='ocr_line' id='line_1_25' title="bbox 313 3245 1324 3355; baseline 0.01 -38"><span class='ocrx_word' id='word_1_167' title='bbox 313 3245 529 3327; x_wconf 85' lang='lat' dir='ltr'><strong>sedimento</strong></span> <span class='ocrx_word' id='word_1_168' title='bbox 550 3249 658 3345; x_wconf 90' lang='lat' dir='ltr'><strong>quasi</strong></span> <span class='ocrx_word' id='word_1_169' title='bbox 681 3249 827 3339; x_wconf 87' lang='lat' dir='ltr'><strong>lacteo,</strong></span> <span class='ocrx_word' id='word_1_170' title='bbox 864 3249 931 3322; x_wconf 90' lang='lat' dir='ltr'><strong>sed</strong></span> <span class='ocrx_word' id='word_1_171' title='bbox 952 3251 1128 3324; x_wconf 90' lang='lat' dir='ltr'><strong>inodoro.</strong></span> <span class='ocrx_word' id='word_1_172' title='bbox 1153 3257 1324 3355; x_wconf 83' lang='lat' dir='ltr'><strong>Respira·</strong></span> 
     </span>
     <span class='ocr_line' id='line_1_26' title="bbox 311 3365 1327 3469; baseline 0.015 -40"><span class='ocrx_word' id='word_1_173' title='bbox 311 3366 433 3438; x_wconf 87' lang='lat' dir='ltr'><strong>¹tionis</strong></span> <span class='ocrx_word' id='word_1_174' title='bbox 458 3365 591 3438; x_wconf 84' lang='lat' dir='ltr'><strong>vitium</strong></span> <span class='ocrx_word' id='word_1_175' title='bbox 609 3367 777 3458; x_wconf 88' lang='lat' dir='ltr'><strong>nullum,</strong></span> <span class='ocrx_word' id='word_1_176' title='bbox 802 3383 844 3440; x_wconf 94' lang='lat' dir='ltr'><strong>ut</strong></span> <span class='ocrx_word' id='word_1_177' title='bbox 870 3391 995 3468; x_wconf 86' lang='lat' dir='ltr'><strong>neque</strong></span> <span class='ocrx_word' id='word_1_178' title='bbox 1024 3370 1227 3469; x_wconf 88' lang='lat' dir='ltr'><strong>pulsuum,</strong></span> <span class='ocrx_word' id='word_1_179' title='bbox 1257 3375 1327 3446; x_wconf 87' lang='lat' dir='ltr'><strong>uisi</strong></span> 
     </span>
     <span class='ocr_line' id='line_1_27' title="bbox 312 3473 1325 3590; baseline 0.006 -34"><span class='ocrx_word' id='word_1_180' title='bbox 312 3483 524 3582; x_wconf 87' lang='lat' dir='ltr'><strong>quodcum</strong></span> <span class='ocrx_word' id='word_1_181' title='bbox 541 3498 649 3580; x_wconf 83' lang='lat' dir='ltr'><strong>antea</strong></span> <span class='ocrx_word' id='word_1_182' title='bbox 658 3485 805 3576; x_wconf 88' lang='lat' dir='ltr'><strong>molles,</strong></span> <span class='ocrx_word' id='word_1_183' title='bbox 818 3502 855 3558; x_wconf 92' lang='lat' dir='ltr'><strong>et</strong></span> <span class='ocrx_word' id='word_1_184' title='bbox 863 3489 960 3560; x_wconf 90' lang='lat' dir='ltr'><strong>sicut</strong></span> <span class='ocrx_word' id='word_1_185' title='bbox 970 3502 1075 3577; x_wconf 84' lang='lat' dir='ltr'><strong>aetas,</strong></span> <span class='ocrx_word' id='word_1_186' title='bbox 1088 3473 1325 3590; x_wconf 81' lang='lat' dir='ltr'><strong>morbusque</strong></span> 
     </span>
     <span class='ocr_line' id='line_1_28' title="bbox 311 3595 1325 3702; baseline 0.012 -31"><span class='ocrx_word' id='word_1_187' title='bbox 311 3599 509 3690; x_wconf 78' lang='lat' dir='ltr'><strong>¹ferebant,</strong></span> <span class='ocrx_word' id='word_1_188' title='bbox 530 3601 711 3692; x_wconf 79' lang='lat' dir='ltr'><strong>humiles,</strong></span> <span class='ocrx_word' id='word_1_189' title='bbox 723 3619 764 3678; x_wconf 92' lang='lat' dir='ltr'><strong>et</strong></span> <span class='ocrx_word' id='word_1_190' title='bbox 784 3606 891 3702; x_wconf 85' lang='lat' dir='ltr'><strong>parvi</strong></span> <span class='ocrx_word' id='word_1_191' title='bbox 906 3605 1092 3697; x_wconf 75' lang='lat' dir='ltr'><strong>fuissent,</strong></span> <span class='ocrx_word' id='word_1_192' title='bbox 1121 3595 1248 3682; x_wconf 79' lang='lat' dir='ltr'><strong>tribus</strong></span> <span class='ocrx_word' id='word_1_193' title='bbox 1268 3636 1325 3681; x_wconf 87' lang='lat' dir='ltr'><strong>ex·</strong></span> 
     </span>
     <span class='ocr_line' id='line_1_29' title="bbox 315 3716 1326 3817; baseline 0.009 -27"><span class='ocrx_word' id='word_1_194' title='bbox 315 3716 449 3790; x_wconf 74' lang='lat' dir='ltr'><strong>&#39;tremis</strong></span> <span class='ocrx_word' id='word_1_195' title='bbox 477 3721 561 3792; x_wconf 81' lang='lat' dir='ltr'><strong>vitae</strong></span> <span class='ocrx_word' id='word_1_196' title='bbox 598 3719 732 3796; x_wconf 86' lang='lat' dir='ltr'><strong>diebus</strong></span> <span class='ocrx_word' id='word_1_197' title='bbox 766 3723 959 3794; x_wconf 88' lang='lat' dir='ltr'><strong>imminuti</strong></span> <span class='ocrx_word' id='word_1_198' title='bbox 993 3739 1102 3796; x_wconf 90' lang='lat' dir='ltr'><strong>erant</strong></span> <span class='ocrx_word' id='word_1_199' title='bbox 1132 3725 1261 3817; x_wconf 89' lang='lat' dir='ltr'><strong>adeo,</strong></span> <span class='ocrx_word' id='word_1_200' title='bbox 1286 3741 1326 3800; x_wconf 91' lang='lat' dir='ltr'><strong>ut</strong></span> 
     </span>
     <span class='ocr_line' id='line_1_30' title="bbox 308 3837 1323 3942; baseline 0.014 -41"><span class='ocrx_word' id='word_1_201' title='bbox 308 3837 475 3908; x_wconf 86' lang='lat' dir='ltr'><strong>minime</strong></span> <span class='ocrx_word' id='word_1_202' title='bbox 488 3839 785 3938; x_wconf 84' lang='lat' dir='ltr'><strong>perciperentur.</strong></span> <span class='ocrx_word' id='word_1_203' title='bbox 807 3839 996 3914; x_wconf 79' lang='lat' dir='ltr'><strong>Cadavcre</strong></span> <span class='ocrx_word' id='word_1_204' title='bbox 1024 3843 1065 3913; x_wconf 91' lang='lat' dir='ltr'><strong>in</strong></span> <span class='ocrx_word' id='word_1_205' title='bbox 1089 3847 1323 3942; x_wconf 83' lang='lat' dir='ltr'><strong>gymnasium</strong></span> 
     </span>
    </p>

    <p class='ocr_par' dir='ltr' id='par_1_9' title="bbox 250 3943 1324 4056">
     <span class='ocr_line' id='line_1_31' title="bbox 250 3943 1324 4056; baseline 0.014 -37"><span class='ocrx_word' id='word_1_206' title='bbox 250 3949 253 3956; x_wconf 71' lang='grc'>“</span> <span class='ocrx_word' id='word_1_207' title='bbox 304 3949 442 4043; x_wconf 55' lang='lat' dir='ltr'><strong>Allato,</strong></span> <span class='ocrx_word' id='word_1_208' title='bbox 457 3952 737 4032; x_wconf 84' lang='lat' dir='ltr'><strong>ubianatomen</strong></span> <span class='ocrx_word' id='word_1_209' title='bbox 749 3943 974 4036; x_wconf 78' lang='lat' dir='ltr'><strong>tradebam:</strong></span> <span class='ocrx_word' id='word_1_210' title='bbox 991 3959 1219 4056; x_wconf 74' lang='lat' dir='ltr'><strong>adventabat</strong></span> <span class='ocrx_word' id='word_1_211' title='bbox 1230 3965 1324 4038; x_wconf 90' lang='lat' dir='ltr'><strong>enim</strong></span> 
     </span>
    </p>
   </div>
   <div class='ocr_carea' id='block_1_3' title="bbox 0 0 1436 4652">
    <p class='ocr_par' dir='ltr' id='par_1_10' title="bbox 0 0 1436 4652">
     <span class='ocr_line' id='line_1_32' title="bbox 0 0 1436 4652; baseline 0 0"><span class='ocrx_word' id='word_1_212' title='bbox 0 0 1436 4652; x_wconf 95' lang='lat' dir='ltr'><strong> </strong></span> 
     </span>
    </p>
   </div>
  </div>
 </body>
</html>
