2824 4652
283 407 356 484 520
455 429 502 480 nr
526 396 673 482 sununs
697 429 742 478 ur
766 425 891 480 ornus
914 425 1129 478 nonnosum

256 541 261 550 ’
286 557 395 620 eraut
411 543 524 616 etiam
540 543 693 616 latiores
703 541 846 614 arteriae
857 555 935 616 tres
952 565 998 614 ex
1014 554 1219 616 curvatura
1232 537 1292 614 iila

287 661 492 761 profectae,
517 684 589 733 nec
625 681 733 732 secus
763 681 807 731 ac
839 659 1116 752 tomsarteriae
1135 672 1293 732 truncus

285 779 381 854 albis
395 775 830 852 ossiuminchoamentis
843 772 937 848 facie
956 775 1138 848 interiore
1148 777 1291 884 passim

286 889 491 984 distinctae,
511 913 590 968 nou
604 894 885 992 magnistarueu
896 944 907 982 ,
918 917 990 965 nec
1003 893 1158 980 crassis,
1170 915 1294 991 neque

283 1015 490 1088 introrsum
506 1008 835 1109 prominentibus,
851 1023 976 1107 neque
993 1011 1169 1082 intimam
1192 1010 1294 1082 tuni-

285 1155 391 1219 cam,
409 1143 452 1202 ut
470 1151 564 1226 saepe
572 1126 642 1214 ut,
662 1151 748 1198 cnm
775 1148 922 1200 osseam
941 1142 1029 1200 sunt
1048 1142 1160 1200 nacta
1188 1125 1294 1200 duri·

267 1249 393 1334 niem,
417 1231 743 1330 exulcerantihus,
762 1243 866 1342 quod
883 1267 932 1316 ne
946 1243 998 1316 ibi
1012 1243 1172 1342 quidem
1198 1241 1295 1318 feee-

287 1379 397 1452 rant,
413 1362 480 1435 ubi
486 1363 562 1458 jam
580 1361 627 1432 ad
641 1362 752 1435 istam
764 1361 943 1434 duritiem
958 1361 1143 1460 perducta
1159 1360 1295 1461 depre-

288 1479 428 1566 hendi,
451 1480 491 1552 in
509 1471 706 1578 perpauois
723 1477 900 1554 videlicet
913 1478 1041 1552 trunci
1066 1479 1174 1552 loeis.
1196 1485 1297 1564 Atta·
1390 1571 1391 1586 χ

289 1623 378 1670 men
394 1595 593 1683 intervallo
612 1593 729 1668 ferme
746 1594 980 1694 sesquidigiti
998 1620 1110 1694 supra
1128 1597 1296 1672 valvulas

287 1714 533 1808 semilunares
550 1729 799 1790 transversam
823 1727 976 1788 tenuem
1004 1711 1181 1786 fissuram
1208 1714 1297 1803 vidi,
1391 1703 1392 1710 ἶ

289 1859 373 1933 quae
389 1829 1299 1932 longitudinesemunciamBononieusemaequas·
1393 1909 1394 1914 ,

291 1967 358 2026 set.
376 1951 420 2024 Ei
436 1948 577 2022 fissurae
598 1949 638 2020 in
657 1948 842 2032 exteriore
861 1947 1005 2020 arteria
1025 1945 1118 2021 faeie
1141 1975 1298 2050 respon·

292 2067 425 2159 debat,
442 2066 507 2142 sed
531 2065 646 2165 paulo
670 2063 852 2154 iuferius,
884 2064 1055 2139 foramen
1088 2068 1200 2164 cujus
1222 2069 1297 2140 din-

257 2175 260 2188 *
291 2201 415 2260 meter
430 2186 492 2258 vix
507 2209 578 2284 par·
593 2182 722 2258 fuisset
743 2182 891 2278 duabus
906 2184 1164 2258 lineis-,unciae
1179 2185 1298 2272 illius,
1396 2182 1397 2212 ¹

292 2301 408 2402 idque
435 2303 511 2376 oris
541 2303 727 2390 cruentis,
762 2315 800 2384 et
827 2301 1074 2392 semilaceris,
1104 2318 1147 2374 ut
1178 2303 1298 2402 palam

294 2435 414 2510 esset,
430 2444 500 2520 per
515 2417 690 2494 fissuram
709 2420 931 2517 sauguinem
942 2479 946 2484 .
956 2419 1057 2494 inter
1071 2419 1227 2510 tunicas
1240 2444 1301 2494 su-

292 2537 427 2628 biisse,
444 2552 481 2611 et
496 2535 632 2610 harum
649 2537 786 2610 extima
797 2535 950 2612 demum
967 2533 1172 2638 perrup'ta,
1186 2537 1230 2610 in
1246 2562 1303 2637 pe·

294 2654 502 2730 ricardium
518 2655 661 2730 exiisse.
864 2638 866 2642 ¹
975 2737 978 2744 ,

350 2778 406 2862 14.
425 2773 571 2856 Similes
584 2771 700 2872 hujus
711 2771 885 2848 historias
900 2769 1017 2848 habes
1032 2799 1055 2847 a
1070 2772 1187 2848 nobis
1198 2772 1255 2846 ad
1270 2787 1302 2846 te

299 2891 457 2993 scriptas
486 2891 645 2992 epistola
673 2893 879 2990 praesertim
897 2893 1019 2964 XXVI
1039 2891 1112 2990 (1),
1139 2890 1190 2963 ad
1211 2913 1304 2990 quas
1396 2905 1397 2916 ¹

299 3032 380 3080 non
396 3031 516 3115 pauca
529 3007 810 3100 adnotavimus,
825 3010 1000 3108 interque
1023 3009 1109 3096 illa,
1131 3008 1303 3108 quaedam

298 3115 378 3195 huc
412 3122 624 3215 attinentia,
661 3149 745 3226 quae
782 3139 954 3224 repetere
987 3149 1068 3198 non
1108 3139 1165 3198 est
1197 3147 1302 3224 opus

298 3238 410 3334 Quod
427 3240 458 3312 si
472 3237 576 3314 -forte
593 3241 682 3314 alias
698 3241 825 3340 potius
846 3241 977 3340 legere
994 3241 1104 3340 cupis
1121 3264 1304 3338 aueurys·

298 3371 442 3428 matum
464 3355 769 3450 observationes,
790 3383 869 3432 uon
895 3359 947 3432 ita
973 3357 1194 3432 dissimilem
1218 3381 1304 3431 uos·

298 3483 441 3546 trarum
461 3475 502 3546 in
516 3488 802 3576 *programmate
821 3474 876 3574 (a)
896 3475 1064 3550 invenies
1082 3473 1191 3574 quod
1206 3473 1303 3548 Wal-

338 3837 383 3916 (1)
404 3839 442 3896 N.
466 3839 501 3896 13
516 3850 545 3896 et
561 3857 622 3917 seq.

338 3955 384 4036 ζα)
402 3958 447 4014 Dr
461 3971 564 4016 aueur.
