2782 4652
310 398 382 496 396
472 426 520 474 nn
545 421 690 478 sturnus
714 424 758 478 tr
782 421 907 476 crusis
931 425 1140 480 uonrcnnu
1217 489 1221 498 ¹
1277 461 1281 470 .

309 557 410 632 diesi
441 559 529 632 ttoli
550 559 776 648 existimare,
801 559 853 632 sic
884 583 964 632 rem
992 562 1116 634 statim
1147 584 1189 634 ac
1213 585 1303 660 apo·

308 675 431 776 plexia
446 677 605 772 ingruit,
624 699 663 748 se
680 675 866 750 tabuisse.
883 677 1005 750 Multo
1027 701 1118 752 sane
1137 693 1192 752 est
1212 681 1307 751 reri-

307 793 485 882 similius,
507 808 602 866 tunc
616 818 663 865 ex
680 795 815 868 intimo
835 796 1016 894 quopiam
1038 795 1209 894 disrupto
1223 819 1304 868 tas-
1387 888 1388 892 Ἰ

308 911 395 984 culo
408 933 488 984 uon
509 911 671 984 multum
694 899 941 986 exstillantem
963 914 1185 1011 sanguinem
1206 914 1305 988 illam
1387 937 1388 982 t

309 1028 383 1102 sihi
416 1051 564 1101 caveam
600 1051 732 1126 parare
761 1029 935 1128 coepisse,
962 1030 1082 1129 ipsam
1112 1055 1205 1104 vero
1228 1055 1306 1102 non

306 1145 409 1216 illico
418 1145 466 1218 nd
476 1169 561 1218 euin
575 1145 745 1236 modum,
756 1145 804 1220 ad
816 1169 931 1244 quem
945 1171 1015 1220 nos
1025 1150 1307 1248 conspeximus,
1387 1195 1388 1230 t

306 1260 569 1360 amplificasse3
585 1263 651 1336 sed
670 1263 851 1363 paulatim
869 1288 986 1362 porro
1010 1265 1252 1354 exstillando,
1267 1265 1307 1336 id

298 1378 485 1478 paulatim
507 1403 662 1480 quoque
689 1378 845 1471 fecisse,
872 1381 996 1454 donee
1022 1395 1080 1454 tot
1109 1385 1181 1456 viis
1203 1384 1308 1482 spiri-

305 1510 414 1566 tuum
434 1498 643 1596 perruptis,
664 1511 702 1570 et
716 1513 774 1572 tot
793 1499 874 1572 aliis
889 1523 959 1572 suo
978 1513 1089 1572 aucto
1115 1499 1305 1598 pondere,

308 1626 346 1684 et
354 1613 453 1684 mole
463 1615 698 1713 compressis,
707 1631 901 1688 externum
913 1639 1228 1690 omncmsensum
1238 1641 1313 1688 mo·

206 1803 207 1808 ,
308 1741 465 1828 tumque
483 1745 520 1802 et
535 1745 727 1828 postremo
751 1733 945 1806 internum
965 1757 1120 1832 quoque
1139 1733 1309 1820 sustulit,

308 1860 546 1945 mortemque
566 1850 618 1920 sic
631 1850 776 1923 attulit:
797 1850 876 1939 vel,
903 1849 1007 1950 quotl
1027 1848 1173 1922 facilius
1193 1849 1312 1922 credi·
1387 1839 1388 1844 ’

293 1962 448 2053 -derim,
461 1991 563 2036 noro
574 1965 729 2070 demunt
749 1991 989 2066 quacumque
1009 1967 1056 2041 de
1075 1991 1186 2041 causa
1205 1991 1311 2040 acce·

308 2079 421 2154 dente
438 2083 622 2182 impulsu,
638 2083 885 2184 pluribusque
905 2086 1015 2158 simul
1035 2085 1216 2183 disruptis
1237 2109 1313 2156 vas·

309 2199 422 2286 culis,
438 2201 657 2298 repentina,
680 2225 891 2302 magnaque
905 2204 1107 2300 eruptione
1123 2201 1203 2274 haec
1226 2227 1314 2300 quae

308 2315 444 2388 ultimo
461 2315 560 2406 dixi,
577 2321 725 2392 nonita
743 2319 890 2418 pridem
914 2317 1090 2393 effecisse.
1123 2319 1315 2394 Utralihct

309 2432 455 2506 ratione
480 2436 661 2533 cogitanti
682 2437 853 2534 proclive
881 2439 954 2510 erit
980 2436 1050 2510 tibi
1078 2461 1159 2512 non
1189 2435 1314 2510 modo
1388 2465 1389 2538 p

310 2549 572 2648 quodquaeris,
587 2552 654 2626 scd
669 2553 733 2624 illa
745 2555 855 2626 etiam
869 2553 1096 2654 intelligere,
1106 2577 1192 2628 cum
1202 2554 1317 2652 signa
1388 2539 1389 2606 Ϊ

311 2667 480 2765 quaedam
503 2671 668 2768 primum
693 2671 857 2744 existunt
874 2695 957 2769 quae
984 2663 1224 2771 sanguineam
1247 2673 1318 2742 mi·
1388 2689 1389 2724 l

308 2801 450 2862 nentur
457 2786 710 2884 apoplexiam,
724 2808 839 2886 quant
857 2789 948 2860 utile
963 2789 1010 2862 sit
1023 2788 1318 2876 alimentorum,

309 2900 461 2976 acribus
473 2907 696 3001 prasertim,
715 2903 970 3002 tenuibusque
986 2903 1177 3004 particulis
1189 2902 1318 2976 abun·

310 3017 504 3108 dantium,
523 3023 671 3120 copiam
689 3023 878 3110 minuere,
897 3021 946 3096 ab
967 3023 1096 3096 nimiis
1107 3024 1316 3120 corporis,

180 3193 187 3212 t
300 3133 504 3234 ,animique
541 3137 707 3210 motibus
737 3137 943 3228 abstinere,
969 3140 1188 3237 sanguinem
1213 3137 1317 3212 edu-

258 3268 262 3274 ·
310 3273 417 3341 cere,
443 3252 509 3326 ubi
533 3279 624 3328 vero
655 3254 841 3351 ejusmodi
873 3251 1059 3354 ingruerit
1094 3255 1316 3356 apoplexia,

309 3382 415 3442 tanto
430 3373 557 3470 magis¹
566 3371 673 3444 illum
690 3374 936 3461 imminuere,
962 3387 1017 3462 et,
1034 3373 1139 3472 quod
1154 3373 1318 3446 aliasvi-

309 3485 405 3560 deor
422 3485 470 3560 ad
483 3503 520 3562 te
538 3491 746 3588 scripsisse,
765 3514 808 3561 ea
832 3491 947 3564 vitare
960 3489 1094 3562 auxilia
1112 3515 1194 3589 quac
1211 3513 1316 3564 com·

310 3629 486 3695 movere,
503 3621 540 3679 et
556 3607 694 3705 agitare
718 3607 979 3706 intempestive
999 3608 1123 3706 ipsum
1149 3608 1316 3706 possint,

246 3795 249 3804 ,
311 3737 355 3794 ut
372 3722 557 3812 remedia,
573 3722 787 3796 volatilibus
805 3715 1038 3824 corpusculis
1051 3723 1158 3816 loeta,
1177 3740 1214 3798 et
1229 3749 1316 3821 quae

309 3841 494 3915 vomitum
506 3842 623 3932 cient,
634 3841 947 3917 sternutationem
962 3855 1130 3932 movent,
1139 3839 1210 3914 alia
1219 3841 1316 3937 ejus·

309 3953 425 4032 modi.
1129 3951 1131 3956 ’
