2824 4652
111 467 1022 534 mnu.naannnnmsanmr.sesamonmmsrmxvr.
1044 461 1111 560 591

108 595 201 670 inde
233 597 325 670 oriri
357 611 533 696 possunt,
561 595 851 671 lithotomorum
882 571 1116 702 deceptioni·

27 769 29 772 .
111 713 194 786 bus.
221 713 281 794 Ob
297 713 336 789 id
354 715 479 814 ipsum
507 729 634 787 autem
660 713 811 804 haee,·et
839 741 922 813 quae
950 741 1116 814 sequun-

111 845 194 922 tur,
215 827 284 906 tibi
300 854 582 922 commemorem
598 854 745 935 nempe
773 835 882 930 quia,
906 849 950 932 ut
974 833 1022 906 de
1052 833 1116 905 illa

111 949 261 1036 arula,¹
275 952 325 1022 ita
345 951 455 1023 etiam
473 949 521 1024 de
542 950 605 1023 'his
622 951 703 1022 aliis
727 977 810 1050 quae
829 951 876 1024 ad
895 966 953 1048 te,
979 967 1043 1024 aut
1066 951 1116 1024 ad
1218 957 1223 965 '

106 1066 203 1140 alios
226 1067 410 1156 scribens,
429 1069 630 1142 interdurn.
644 1071 772 1166 posui,
796 1093 949 1142 neeesse
969 1067 1116 1157 habe0,

106 1186 240 1258 sinon
261 1185 395 1275 multa,
416 1201 453 1259 at
478 1211 668 1286 perpauca
688 1187 819 1260 saltem
840 1187 1002 1282 adjicere
1032 1208 1115 1284 quae

105 1304 195 1374 ⁴veri
212 1301 377 1376 studium
394 1305 495 1404 cogit
515 1303 626 1376 simul
642 1327 685 1376 ea
702 1311 932 1402 spectantem
954 1321 1035 1402 qua
1052 1303 1116 1375 illa

110 1419 282 1492 deuvula
298 1435 335 1492 et
352 1420 398 1492 de
414 1425 538 1494 vesica
563 1442 687 1519 nuper
704 1421 797 1519 legi,
817 1438 854 1513 et
872 1447 955 1520 quae
972 1421 1020 1492 de
1041 1421 1113 1493 hac

106 1537 200 1608 olim
222 1558 307 1610 omn
322 1537 423 1636 apud
433 1537 634 1636 plerosque
647 1539 900 1626 anatomicos,
917 1553 998 1610 tum
1012 1538 1113 1637 apud

80 1667 83 1672 '
106 1675 197 1729 eum
216 1655 379 1754 legeram
404 1656 470 1752 qui
488 1655 628 1730 multos
658 1655 927 1744 antecellebat,
946 1659 1111 1758 amicum

106 1782 236 1844 meum
258 1773 499 1844 Santorinum
518 1772 583 1846 illo
596 1774 680 1872 ipso
694 1773 814 1872 capite
828 1777 863 1844 X
875 1773 978 1870 quod
999 1777 1111 1871 paulo
1132 1758 1135 1765 ⁵

106 1903 196 1960 ante
221 1887 431 1960 laudabam.
453 1890 541 1986 Ejus
560 1891 695 1988 igitur,
727 1905 764 1962 et
776 1904 1004 1964 caeterorum
1028 1891 1112 1964 des-

106 2007 340 2104 criptiones,
370 2021 435 2078 aut
470 2005 743 2081 delineationes
771 2005 954 2080 fibrarum
983 2010 1112 2082 vesicae

112 2127 333 2196 earnearum
349 2123 569 2211 attendens,
588 2151 632 2196 ac
647 2149 733 2198 cum
751 2126 803 2198 iis·
813 2123 1011 2198 conferens
1029 2151 1113 2224 quae
1145 2163 1147 2170 ·

103 2244 193 2341 ipse
209 2243 352 2315 ultimis
368 2241 578 2341 anni1725,
594 2235 730 2342 primis*
739 2259 864 2316 autem
877 2245 1113 2358 insequentis

99 2383 200 2431 ¹anm
189 2359 412 2433 mensibus
430 2360 558 2432 videre
573 2361 859 2459 potueram(1),
875 2350 970 2434 illud
986 2363 1114 2460 praeci·

108 2502 183 2574 pue
196 2477 455 2575 intelligere
422 2471 522 2550 visus
542 2501 652 2568 sum,
670 2493 813 2552 tantam
828 2503 908 2553 esse
924 2481 963 2549 in
981 2503 1112 2552 earum

112 2591 297 2664 fibrarum
328 2593 575 2692 dispositione
597 2596 841 2686 varietatem,
862 2611 904 2668 ut
931 2596 978 2668 ad
997 2621 1113 2669 unam

109 2723 271 2796 certam,
307 2725 622 2810 constantemque
664 2713 957 2812 descriptionem
994 2714 1115 2811 redigi

106 2849 190 2896 non
212 2827 368 2924 possint.
404 2831 543 2926 Itaque
565 2855 644 2902 non
669 2831 936 2930 valde'postea
959 2831 1114 2928 miratus

111 2965 196 3016 sum
210 2999 220 3031 ,
232 2969 319 3016 cum
335 2947 375 3014 in
387 2946 548 3019 aliorum
566 2951 753 3022 variantes
770 2947 900 3028 icones
918 2949 1056 3036 incidi,
1073 2965 1115 3025 ut

104 3073 201 3158 -puta
219 3063 374 3160 spectati
394 3063 466 3134 viri
491 3062 670 3139 Gulielmi
697 3055 811 3166 Rutty
841 3066 916 3165 (2),
945 3076 1114 3160 autcum

102 3178 293 3251 illustrem
306 3194 501 3256 'anatomes
519 3182 773 3281 professorem
790 3185 969 3258 Albinum
989 3185 1052 3282 (3)
1067 3186 1114 3258 de

108 3319 286 3394 ecquem
304 3299 444 3397 pingit,
456 3303 586 3374 vesicae
597 3287 788 3392 musculO,
804 3303 852 3377 ab
872 3293 1019 3377 ossibus
1039 3328 1116 3402 pu·

90 3412 169 3486 ·bis
185 3427 382 3504 nascente,
404 3443 518 3517 seque
541 3444 611 3516 per
638 3419 860 3494 inferiorem
878 3423 1010 3532 vesicae
1030 3445 1117 3518 par-

112 3545 190 3604 tem
207 3534 314 3630 quasi
333 3535 374 3605 in
394 3549 648 3610 transversum
663 3520 907 3626 extendente,
924 3555 962 3613 et
977 3540 1117 3616 caeteris

1005 3717 1124 3733 ι-ι-ιοηί
1163 3719 1167 3726 n

151 3828 195 3910 (ι)
216 3833 312 3908 Epist.
329 3845 408 3892 anat.
426 3855 458 3907 1,
473 3853 504 3890 n.
518 3835 567 3892 60.

154 3927 197 4009 (a)
219 3933 351 3991 Treatise
367 3935 403 3990 of
410 3935 459 3991 the
472 3937 596 4013 urinary
606 3955 721 4014 passag.
737 3938 798 3998 tab.

153 4027 197 4107 (3)
219 4033 294 4091 Tab.
312 4033 421 4094 Sceleti
437 4031 470 4094 e't
485 4054 577 4094 muse.
594 4055 676 4114 corp.
692 4039 775 4098 hum.
790 4037 851 4094 tab.
867 4055 917 4109 ιι,
934 4035 984 4113 fig.
1001 4043 1048 4103 41.
