2732 4654
90 399 157 448 ma.
176 398 228 447 iv.
244 401 290 446 ur
305 395 442 446 nonnis
453 394 650 461 caraune„
666 387 736 445 etc.
750 396 862 446 urtsr.
878 399 950 445 mx.
978 373 1050 448 303
1069 373 1072 379 ’

53 511 145 582 inter
158 511 308 598 ocuIOS,
328 525 366 582 et
377 510 502 610 lucem
518 509 788 607 expandendus
804 526 957 609 apertus
969 538 1056 586 ven·

49 630 203 700 tricolus
221 644 286 700 est.
302 628 362 698 Sic
382 627 484 700 enim
500 627 568 723 qui
588 627 746 700 maculis
768 627 947 716 duntaxat
967 632 1053 728 qui-

49 746 206 817 busdam
229 769 404 844 aspersus
419 735 639 832 videbatur,
652 744 847 834 eumdem,
865 745 1052 840 referente

50 863 217 934 Ballonio
231 862 302 959 (1),
327 862 495 932 minimis
512 858 761 934 foraminibus
776 877 971 960 pertusum
987 865 1054 936 de-

50 981 338 1080 prehenderunt
351 1031 362 1067 ,
375 980 514 1050 veneni
534 977 705 1050 indiciis:
727 1004 943 1078 quanquam
963 997 1055 1054 tunc

51 1121 201 1196 quoque
223 1096 501 1195 dispiciendum
530 1121 576 1167 ex
605 1095 753 1170 indiciis
784 1097 866 1169 aliis
887 1099 1056 1170 credide·

50 1219 137 1304 rim,
154 1217 322 1304 externi,
334 1239 383 1285 an
402 1215 553 1286 interni.
561 1217 662 1306 Quin
677 1214 882 1312 aliquando
891 1241 968 1287 non
983 1243 1057 1288 ma·

52 1332 228 1407 nifestum
244 1332 384 1418 modo,
402 1331 468 1404 sed
483 1347 520 1404 et
535 1355 716 1430 magnum
734 1330 842 1404 ulcus
858 1334 897 1403 in
914 1337 1056 1406 ventri-

55 1452 135 1524 culo
147 1451 310 1550 reperiri
327 1464 471 1548 potest,
497 1448 604 1545 cujus
622 1449 779 1547 originis
807 1452 929 1548 prima
951 1453 1056 1550 signa

54 1571 164 1642 toxici
193 1568 483 1667 deglutitionem
505 1582 710 1640 consecuta
731 1591 810 1639 esse
833 1568 1056 1660 videantur,

54 1714 173 1786 neque
193 1712 256 1760 res
276 1703 403 1758 tamen
416 1687 495 1758 sine
509 1684 743 1757 dubitatione
761 1709 850 1758 esse.
873 1688 932 1758 Sic
948 1687 987 1758 in
1000 1691 1057 1784 ju·

54 1831 144 1878 vene
157 1803 207 1876 de
228 1829 307 1902 quo
322 1803 515 1876 Fabricius
529 1800 710 1874 Hildanus
724 1801 794 1898 (2),
810 1817 895 1900 post
914 1804 1059 1876 lautum

57 1924 269 1994 convivium
288 1923 434 2021 primus
448 1919 631 1992 stomachi
649 1918 760 1990 dolor
781 1921 990 2018 inceperat,
1013 1945 1058 1993 ex

57 2067 128 2139 quo
147 2040 329 2141 paulatim
348 2054 474 2129 auct0,
505 2055 542 2111 et
571 2037 814 2110 acerbissimo
841 2035 940 2112 facto
971 2065 1058 2112 cum

58 2158 228 2252 obiisset,
256 2181 514 2256 magnumque
540 2156 648 2228 ulcus
674 2157 870 2228 inventum
899 2172 1010 2246 esset,
1037 2183 1059 2230 a

56 2279 247 2376 superiore
264 2275 463 2349 ventriculi
478 2272 623 2348 orificio
641 2275 681 2346 in
702 2274 806 2348 hunc
821 2275 996 2348 deorsum
1020 2301 1059 2350 se

57 2393 275 2482 extendens,
294 2408 469 2491 parentes
492 2391 647 2490 quidem
670 2393 713 2497 iti
737 2392 784 2465 ab
802 2393 972 2466 adhibito
993 2421 1058 2466 ve-

57 2537 153 2586 neno
172 2510 420 2610 repetebant3
442 2512 522 2608 ipse
544 2526 670 2582 autem
697 2511 887 2582 Fabricius
905 2515 984 2582 veri
1015 2515 1061 2584 si·

59 2631 182 2704 milius
210 2627 404 2728 censebat,
426 2627 473 2698 ab
502 2628 665 2700 ossiculo
688 2629 817 2725 aliquo
845 2630 1060 2701 acutissimo

59 2747 163 2822 ulcus
182 2747 383 2843 incepisse,
406 2744 524 2816 infixo
550 2747 590 2814 in
620 2769 752 2844 rugam
777 2746 940 2842 aliquam
962 2747 1061 2820 illius

61 2864 208 2938 orificii:
229 2889 317 2936 nam
338 2865 368 2935 si
384 2888 404 2934 a
423 2888 572 2934 veneno
588 2872 740 2961 sumpto
752 2859 846 2933 facta
857 2879 953 2935 esset
965 2864 1063 2935 exul-

61 2985 197 3056 ceratio
213 3009 223 3072 ;
242 2980 305 3069 ea,
331 2982 475 3078 inquit,
485 2987 614 3080 potius
633 2986 672 3050 in
690 2979 927 3080 ipsofundO,
947 3008 1062 3080 quom

62 3105 96 3170 in
107 3125 174 3172 ore
190 3097 412 3188 ventriculi,
430 3105 618 3170 extitisset.
635 3103 810 3170 Attamen
831 3101 898 3196 qui
918 3099 1061 3172 dissen-

62 3219 126 3291 tire
153 3244 176 3289 a
203 3216 373 3289 Fabricio
399 3216 562 3306 vellent,
596 3215 760 3312 objicere
791 3232 946 3315 possent
969 3218 1064 3294 duas
1144 3222 1145 3228 ’

65 3337 204 3432 puellas
225 3359 303 3406 non
332 3337 412 3405 sine
430 3333 603 3407 veneficii
624 3336 838 3432 suspicione
873 3352 1062 3424 mortuas,

66 3453 101 3523 iu
115 3477 277 3552 quarum
295 3451 411 3524 altera
428 3455 591 3525 ioannes
613 3453 660 3523 de
685 3452 849 3526 Muralto
878 3454 933 3551 (3)
956 3456 1063 3551 juxta

103 3751 145 3834 (1)
168 3756 246 3812 Sect.
263 3753 328 3810 ead.
343 3754 406 3810 obs.
424 3773 474 3825 17,
489 3758 504 3823 §
522 3773 548 3808 1.

103 3853 146 3934 (a)
165 3853 244 3938 thid,
261 3855 327 3910 obs.
340 3853 375 3925 5,
393 3874 460 3910 cum
475 3849 568 3910 schol.
593 3860 596 3867 '

101 3954 146 4038 (3)
164 3958 200 4018 L.
214 3955 282 4017 eod.
299 3955 316 4013 3
325 3995 335 4026 ,
348 3955 503 4032 Sepulchr.
520 3974 544 4012 s.
557 3953 592 4028 8,
609 3953 675 4014 obs.
689 3974 718 4026 7.
