2746 4662
80 481 148 527 mn.
164 479 215 528 iv.
231 477 279 528 nn
290 473 427 528 nonnis
437 467 631 544 omnnia,
646 467 715 528 etc.
727 477 838 528 narse.
853 473 939 528 svn.
971 447 1038 552 173

41 617 106 690 grae
133 594 289 666 dolores
323 590 521 664 leniendos
550 618 571 663 a
601 594 739 665 Graecis
766 591 851 690 (1),
880 591 1046 664 Latinis·'

41 735 108 807 que
129 711 190 809 (α)
220 709 468 810 scriptoribus
492 712 678 808 proponi,
704 712 801 798 scie,
829 710 1040 808 simplicem

40 841 158 898 autem
175 825 356 899 foliorum
376 850 531 898 succum
546 851 625 898 non
644 827 810 898 memini.
912 857 915 865 ·

84 969 115 1039 9.
138 944 326 1016 Caeterum
342 955 495 1014 externa
510 942 612 1032 hac,
633 945 800 1042 itemque
822 944 972 1014 interna
991 939 1042 1012 de

43 1060 175 1157 quibus
194 1060 378 1156 diximus,
399 1057 558 1148 auxilia,
584 1059 799 1158 aliaqueab
823 1057 1048 1132 auctoribus·

43 1175 184 1250 laudata
212 1201 280 1249 seu
310 1177 479 1274 juverint
506 1178 671 1274 aliquem
703 1177 863 1252 obeam
892 1199 1042 1280 causam

45 1319 115 1391 quae
131 1295 250 1394 paulo
267 1310 354 1366 ante
373 1287 536 1368 indicata
553 1309 626 1385 est,
657 1317 723 1368 seu
748 1281 853 1394 quod
873 1319 961 1368 casu
980 1293 1042 1366 ad·

44 1408 152 1484 hibita
168 1410 312 1485 fuerint
322 1433 442 1511 prope
457 1412 770 1503 declinationem,
786 1415 1048 1516 quaealiq'uans
1095 1433 1098 1438 ’

47 1527 89 1598 do
115 1530 238 1601 multo
271 1530 383 1601 citius
409 1553 534 1627 quam·
550 1530 665 1619 solet,
698 1517 767 1630 per'
798 1556 837 1604 se
864 1530 1041 1622 advenit,

47 1646 113 1718 sive
131 1648 247 1730 etiam
263 1645 319 1740 (id
342 1645 449 1744 quod
472 1650 677 1744 prasertim
703 1648 750 1721 de
782 1651 1043 1745 praeservand-

48 1761 130 1852 bus,
156 1773 241 1862 quae
266 1763 426 1853 vocant,
451 1764 738 1838 medicamentis
763 1765 907 1838 dictum
934 1766 1041 1866 puta)

50 1904 120 1975 qua
135 1883 274 1953 sanitas
288 1880 426 1952 horum
441 1883 526 1953 usui
541 1881 683 1954 tributa
696 1897 771 1970 est,
787 1887 914 1956 verius
929 1883 1047 1958 luerit

50 2013 173 2070 exactae
192 1999 315 2070 victus
332 2000 489 2088 rationi,
522 2021 605 2096 quaa
623 1998 700 2074 ‘diu
726 2001 838 2072 simul
859 2002 1042 2074 servanda

50 2113 265 2214 injungitur,
281 2116 506 2206 tribuenda3
526 2120 721 2214 (quorum
741 2119 946 2217 utrumque
967 2124 1046 2190 Cae·'

52 2229 111 2304 lius
134 2245 292 2332 quoque
317 2234 542 2306 Aurelianus
561 2235 614 2332 (3)
643 2250 699 2307 est
730 2221 961 2334 ¹suspicatus,
978 2229 1045 2310 fala*

53 2361 163 2424 terum
184 2366 311 2424 autem
325 2351 383 2423 vel
401 2375 470 2449 per
482 2373 522 2424 se
538 2352 660 2423 solum
677 2361 911 2426 securitatem
930 2345 1045 2428 totius

53 2471 129 2540 vitta
139 2469 326 2558 attulisse,
339 2468 469 2542 Celsus
482 2469 547 2567 (Δ),
560 2470 698 2567 aliique
713 2473 913 2568 teatatitur)
926 2475 1046 2561 ;illud

54 2599 185 2658 certum
205 2601 281 2675 est,
311 2585 493 2684 pleraque
520 2586 722 2684 plerosque
748 2603 812 2660 aut
841 2590 954 2678 nillil,
979 2607 1045 2663 aut

54 2721 173 2793 parum
185 2701 395 2800 adjuvisse:
415 2702 584 2800 quaedam
596 2717 721 2778 autem
733 2705 771 2774 in
784 2697 1048 2802 gravissimum*

56 2813 243 2894 discrimen
257 2819 480 2916 conjecisse,
491 2822 852 2894 autmortiscatisam
865 2825 1047 2898 attulisse.·'

56 2933 170 3036 ltaque
182 2940 306 3036 siquae
318 2941 700 3040 commemoravimus
710 2940 838 3011 omnia
850 2943 1047 3018 cumilli'u's'

56 3046 185 3128 feminae
204 3055 261 3156 (5)
278 3055 416 3128 morbo
441 3056 647 3168 contuleris
673 3081 695 3126 a
714 3081 793 3153 quo
811 3082 1045 3134 commemo-

56 3172 150 3244 randi
177 3175 437 3253 occasionem.
451 3172 672 3264 habuimus,
701 3171 810 3246 facile
839 3178 1045 3279 intelliges,

213 3285 222 3322 χ
698 3291 702 3298 ’
714 3293 719 3303 t
751 3287 755 3315 l

78 3507 127 3588 .(1)
146 3512 368 3570 Dioscorid.·de
383 3513 582 3570 medulata.
599 3513 664 3587 16&
701 3566 707 3586 ,
747 3571 751 3582 ,
802 3555 819 3580 .,

90 3607 127 3687 (a)
146 3609 392 3690 Scribonlcomp.
407 3613 514 3670 medic.
531 3613 597 3670 160.
611 3615 760 3674 Samonic.
777 3617 940 3693 demedio„
956 3629 1045 3700 egla..

59 3705 174 3768 Marcell.
189 3713 228 3769 de
242 3711 412 3784 medicam,
428 3733 455 3770 c.
470 3713 518 3770 36.

90 3807 126 3886 (3)
148 3811 184 3868 C.
198 3829 231 3882 n,
244 3829 336 3886 supra
345 3811 384 3870 ad
397 3831 428 3868 n.
444 3812 460 3870 3
474 3811 525 3870 cit.

93 3903 128 3987 (l)
149 3911 182 3968 C.
200 3919 254 3982 24,
268 3929 360 3986 snpra
375 3913 414 3970 ad
425 3931 456 3970 n.
470 3911 548 3971 ecit.

96 4005 134 4086 (t)
154 4011 267 4088 Supra,
283 4029 315 4070 n.
333 4029 362 4070 a.
