2836 4648
1029 415 1032 432 t

65 467 176 515 cmx.
187 459 560 525 uranornorstnma.
570 460 878 517 sursnroamrrsr.
888 468 984 515 axrx.
999 443 1071 542 673

68 579 232 666 cervice,
244 593 281 650 et
298 577 429 650 osculo
444 576 540 648 nihil
552 591 631 650 erat
643 576 888 652 adnotatione
903 565 1073 678 digdum.

65 693 140 767 Sed
164 693 289 769 lurida
314 681 436 782 intus,
465 709 502 766 et
533 691 635 768 fusca
666 697 799 794 vagina
826 697 1005 770 ‘universa
1033 699 1073 768 in

66 810 195 884 medio
216 812 426 910 posteriore
440 811 603 912 pariete,
616 810 809 909 aliquanto
829 815 985 912 propius
998 815 1076 886 imo

67 926 239 1016 orificio,
271 951 385 1026 quam
413 929 511 1000 uteri
537 928 689 1018 osculo,
718 926 887 1004 foramen
915 930 1089 1002 habebat

28 1107 31 1113 ,
66 1045 192 1118 forma
211 1045 380 1134 circuli‚‘
396 1047 505 1142 cujus
522 1045 705 1118 diameter
730 1045 825 1120 duos
838 1045 1077 1122 'transversos

64 1163 239 1262 sequabat
259 1161 420 1260 digitos,
440 1164 517 1234 oris
550 1154 869 1261 comprehensum
888 1166 1020 1262 nigris,
1040 1179 1077 1236 et

66 1281 231 1380 pessime
251 1279 453 1356 olentibus.
469 1277 514 1352 Id
530 1279 701 1356 foramen
718 1283 757 1356 iu
774 1297 920 1354 rectum
939 1283 1079 1356 intesti-

67 1423 165 1472 num
185 1397 348 1498 patebat.

123 1541 178 1614 17.
201 1520 257 1588 De
285 1513 429 1586 morbis
456 1538 477 1585 a
504 1539 654 1587 veneno
682 1515 868 1605 inductis,
901 1517 948 1589 ad
979 1541 1092 1616 quos.
1159 1577 1162 1583 .

68 1633 230 1733 epistola
248 1633 441 1731 spectabat
457 1636 564 1722 LIX,
590 1633 688 1726 nihil
720 1631 844 1706 habeo
870 1635 974 1731 quod
1001 1636 1077 1708 huc

68 1751 217 1824 addam.
240 1753 335 1830 Nam
357 1752 426 1822 etsi
448 1774 528 1825 non
551 1751 715 1851 vulgaris
741 1748 838 1822 fama
867 1749 996 1836 laudes
1018 1755 1078 1825 in·
1178 1823 1181 1834 ,

69 1883 174 1941 terea
186 1866 233 1938 ad
250 1891 311 1938 me
329 1866 502 1966 pertulit,
524 1891 618 1965 quas
637 1867 814 1942 adversus
830 1883 910 1940 tum
922 1869 1078 1966 ripere,

70 2000 155 2058 tum
170 1983 293 2056 rabidi
310 1985 412 2056 canis
424 2001 573 2058 morsus
583 1984 776 2058 antidotus
791 2001 1076 2075 communest,

68 2127 90 2174 a
112 2116 279 2202 spectato
310 2101 481 2190 medico,
501 2127 614 2198 quem
638 2101 707 2174 tibi
733 2103 822 2176 alias
842 2105 977 2178 merito
999 2104 1079 2178 lau-
1176 2153 1181 2174 2

73 2217 179 2306 davi,
196 2218 415 2310 adinventa,
426 2214 572 2292 Joanue
587 2219 747 2308 Larber3
766 2223 992 2294 tamencum
1005 2245 1081 2294 cer·

74 2339 152 2412 tior
174 2334 294 2410 factus
311 2337 402 2426 sim,
423 2335 724 2415 dissertationem
744 2362 765 2410 a
784 2338 921 2415 clariss.
948 2335 1082 2411 eodem

73 2455 157 2538 viro
168 2479 271 2526 nunc
282 2453 415 2543 scribi,
433 2478 588 2552 quasue
603 2445 854 2552 per,eamdem
868 2453 1081 2528 antidotum

74 2592 157 2642 nou
177 2571 301 2649 solum
318 2573 358 2644 iu
379 2571 534 2646 canibus
563 2573 842 2669 experimenta,
869 2572 935 2646 sed
958 2574 998 2644 in
1017 2573 1083 2644 ho-

76 2687 246 2765 minibus
259 2713 414 2788 quoque
429 2687 641 2760 felicissima
658 2692 898 2763 curationum
915 2689 1085 2790 exempla

78 2804 365 2904 complectitur3
393 2803 440 2876 ad
473 2829 554 2876 eam
584 2803 684 2877 malo
711 2821 748 2878 te
773 2807 954 2912 rejicere,
980 2809 1083 2882 unde

77 2922 207 2994 omnia
239 2922 371 3021 plene,
409 2921 660 3019 distincteque
699 2945 934 3022 cognoscas,
968 2949 1083 3022 quant

68 3033 197 3138 ‘pauca
225 3040 322 3140 ipse,
354 3063 474 3138 eaque
503 3030 744 3138 imperfecte,
770 3041 947 3134 indicare.
976 3043 1082 3115 Illam

76 3158 193 3256 igitur
207 3155 429 3258 propediem
443 3208 462 3248 ,v
477 3171 520 3244 ut
543 3179 680 3258 spero,
700 3155 936 3258 prodituram
958 3153 1084 3260 expes}

79 3273 186 3348 tabis.
205 3273 305 3350 Vale.
464 3279 466 3282 ’
597 3317 600 3324 ·
954 3303 957 3310 ·
1073 3305 1078 3314 ·
