2732 4654
273 389 355 497 '371
452 423 497 468 ne
524 417 670 469 sentens
697 419 741 466 er
763 416 889 468 causis
914 417 1126 470 uoasoautr

281 535 430 609 tametsi
452 539 490 616 in
504 541 601 606 arria
621 531 720 604 dica't
739 521 1089 632 illatumaspi'dem,
1108 543 1179 602 aut
1193 529 1281 602 aitte?

280 655 392 725 tiores
402 650 744 749 quosdamffluctor
753 647 975 722 autemlihri
984 648 1032 722 de
1040 649 1221 722 Theriaca
1230 647 1280 744 (ι)

184 763 189 770 ⁸
282 785 488 843 contectam
508 768 662 864 ficubus
697 779 735 836 et
758 771 845 838 uvis.
877 768 967 856 Quae
990 790 1077 840 oum
1105 763 1280 852 attendo,

279 885 376 960 illud
391 883 503 967 simul
521 882 652 954 videor
671 899 781 980 posse
792 881 1157 981 conjicere‚.ncmpe
1179 883 1281 977 cujus

280 1000 542 1100 generisaspis
558 995 680 1070 fuerit.
701 1001 797 1068 Cum
820 997 922 1068 enim
950 999 1021 1074 tria
1042 1021 1123 1080 esse
1143 1019 1279 1095 genera

279 1113 551 1214 traderent(a),
561 1114 650 1190 alias
666 1113 840 1211 ptyades,
858 1112 947 1188 alias
964 1128 1182 1202 terrestreS,
1197 1114 1279 1186 alias

198 1225 200 1232 ⁴
277 1233 510 1308 chelidonias
524 1229 777 1330 appellantes,
800 1232 940 1329 primas
953 1247 1078 1304 autem
1095 1233 1287 1304 bicubito·v

238 1335 241 1341 ¹
277 1354 347 1444 les,
361 1351 494 1424 alteras
506 1347 697 1422 interdum
717 1353 882 1446 quinque
897 1351 1107 1422 cubitorum
1118 1347 1280 1445 longitu·
1361 1359 1362 1444 l

276 1468 378 1554 dine,
412 1467 538 1538 tertias
563 1466 685 1536 cubito
712 1463 894 1539 duntaxat
923 1467 1087 1562 majores
1117 1465 1281 1540 inveniri

274 1585 475 1672 docerent3
493 1582 562 1656 has
584 1582 735 1654 ultimas
753 1607 832 1654 non
850 1582 966 1654 modo
985 1597 1029 1656 ut
1045 1579 1155 1668 facile
1169 1607 1278 1682 repe-

273 1702 447 1790 riendus,
467 1701 609 1799 quippe
630 1700 729 1770 circa
755 1697 959 1776 fluviorum
974 1701 1097 1798 ripas,
1115 1701 1286 1797 proximi·

159 1793 169 1812 ⁸
269 1821 480 1922 praesertim
499 1815 606 1904 Nili,
639 1815 795 1890 latibula
818 1815 1021 1905 habentes,
1040 1818 1212 1914 itemque
1237 1832 1276 1890 ut

275 1938 470 2012 celerrime
488 1959 564 2034 prae
581 1934 722 2005 caeteris
739 1949 940 2024 necantes;
956 1933 1004 2006 ab
1018 1933 1155 2018 harum
1177 1937 1275 2008 enim

273 2063 347 2130 ictu
367 2079 468 2128 mors
478 2057 771 2151 praesentissimo
793 2051 919 2140 adesa·
944 2076 1077 2137 verum
1095 2055 1209 2126 etiam
1222 2143 1224 2148 Ι
1237 2067 1277 2126 ut
1312 2073 1316 2078 ·

271 2199 355 2274 quea
376 2186 532 2273 propter
550 2194 654 2242 suam
667 2168 889 2242 brevitatem
908 2170 1028 2264 multo
1042 2169 1187 2244 facilius
1205 2171 1275 2244 sub

273 2290 452 2378 floribus,
480 2284 653 2385 foliisque
682 2285 771 2358 abdi
797 2301 971 2385 possent;
990 2287 1073 2376 has,
1097 2289 1288 2387 inquam,=

272 2409 361 2479 c'um
374 2407 579 2504 Cleopatrae
590 2405 907 2502 opportuniores,
922 2419 1002 2476 tum
1019 2406 1208 2503 praecipue
1226 2405 1272 2478 ad
1360 2471 1361 2496 p

267 2522 455 2614 fallendos
492 2524 560 2620 qui
592 2523 748 2619 januam
790 2520 1075 2612 custodiebant,
1108 2525 1273 2621 aptiores

268 2637 381 2715 fuisse
405 2664 486 2712 non
501 2637 645 2710 dubito.
666 2639 863 2712 Consentit
881 2653 1005 2711 autem
1018 2655 1271 2737 pervetustus,

268 2760 480 2856 doctusque
494 2751 624 2828 artifex
638 2755 828 2828 simulacri
840 2755 1031 2843 Vaticani,
1051 2757 1120 2854 qni
1132 2771 1176 2828 ut
1192 2781 1271 2843 rno-

265 2873 470 2948 rihundam
479 2873 718 2974 Cleopatram
738 2873 857 2970 perite
870 2875 1051 2970 expressit
1069 2876 1178 2970 quasi
1198 2875 1269 2973 plo·

258 2991 351 3064 cide
364 2991 634 3078 dormientem,
650 2989 703 3060 ita
716 2988 916 3062 etbrevem
933 2988 1102 3087 aspidem
1113 2989 1268 3064 brachio

267 3110 466 3206 adjunxit,
499 3108 609 3206 eique
644 3107 818 3194 sinistro,
852 3105 985 3194 credo,
1015 3106 1088 3178 hoc
1117 3131 1267 3208 quoque

265 3225 436 3324 aprisco
454 3213 603 3320 *aliquo
647 3222 844 3319 scriptore,
883 3222 1090 3322 accipiens,
1134 3249 1155 3296 a
1193 3249 1265 3324 quo

264 3359 303 3418 et
323 3344 478 3417 Orosius
499 3339 553 3439 (3)
570 3339 772 3413 historicus
794 3339 964 3438 alioquin
975 3339 1107 3412 xsaeculi
1125 3343 1263 3440 quinti,

265 3457 414 3534 videtur
435 3458 633 3555 accepisse.
661 3459 803 3529 Verum
825 3459 901 3529 sive
920 3481 980 3530 res
1006 3459 1055 3532 ad
1079 3483 1166 3534 eum
1191 3482 1263 3530 mo

321 3777 333 3816 1
370 3759 403 3815 C.
425 3756 453 3813 8.

174 3863 184 3919 s
301 3755 350 3936 i'i
367 3853 436 3912 Vid.
450 3845 587 3922 Aetius.
602 3874 660 3926 ao,
678 3861 768 3932 supra
785 3857 822 3924 ad
832 3875 864 3916 n.
879 3865 913 3926 tt
928 3857 980 3916 cit.

190 4001 194 4018 ,
303 3955 348 4034 (3)
369 3953 525 4013 Historia.
541 3954 559 4012 l.
574 3953 607 4028 6,
622 3975 647 4012 c.
663 3973 708 4026 ¹7·
