<?xml version="1.0" encoding="UTF-8"?>
<!DOCTYPE html PUBLIC "-//W3C//DTD XHTML 1.0 Transitional//EN"
    "http://www.w3.org/TR/xhtml1/DTD/xhtml1-transitional.dtd">
<html xmlns="http://www.w3.org/1999/xhtml" xml:lang="en" lang="en">
 <head>
  <title>
</title>
<meta http-equiv="Content-Type" content="text/html;charset=utf-8" />
  <meta name='ocr-system' content='tesseract 3.04.00' />
  <meta name='ocr-capabilities' content='ocr_page ocr_carea ocr_par ocr_line ocrx_word'/>
</head>
<body>
  <div class='ocr_page' id='page_1' title='image "./desedibusetcaus02adelgoog_0525.png"; bbox 0 0 2824 4652; ppageno 0'>
   <div class='ocr_carea' id='block_1_1' title="bbox 290 413 1152 534">
    <p class='ocr_par' dir='ltr' id='par_1_1' title="bbox 290 413 1152 534">
     <span class='ocr_line' id='line_1_1' title="bbox 290 413 1152 534; baseline -0.002 -40"><span class='ocrx_word' id='word_1_1' title='bbox 290 417 377 534; x_wconf 64' lang='grc' dir='ltr'><strong>Ι53ά</strong></span> <span class='ocrx_word' id='word_1_2' title='bbox 433 515 435 520; x_wconf 21' lang='grc' dir='ltr'>Ι</span> <span class='ocrx_word' id='word_1_3' title='bbox 477 443 524 496; x_wconf 74' lang='lat' dir='ltr'><strong>nr</strong></span> <span class='ocrx_word' id='word_1_4' title='bbox 550 441 696 492; x_wconf 76' lang='lat' dir='ltr'><strong>sannas</strong></span> <span class='ocrx_word' id='word_1_5' title='bbox 717 429 767 492; x_wconf 81' lang='lat' dir='ltr'><strong>&#39;rr</strong></span> <span class='ocrx_word' id='word_1_6' title='bbox 788 413 916 494; x_wconf 69' lang='lat' dir='ltr'><strong>canses</strong></span> <span class='ocrx_word' id='word_1_7' title='bbox 939 422 1152 492; x_wconf 70' lang='lat' dir='ltr'><strong>usurarum</strong></span> 
     </span>
    </p>
   </div>
   <div class='ocr_carea' id='block_1_2' title="bbox 216 543 1308 1706">
    <p class='ocr_par' dir='ltr' id='par_1_2' title="bbox 216 543 1308 1706">
     <span class='ocr_line' id='line_1_2' title="bbox 300 543 1305 658; baseline 0 -34"><span class='ocrx_word' id='word_1_8' title='bbox 300 553 409 640; x_wconf 89' lang='lat' dir='ltr'><strong>dem,</strong></span> <span class='ocrx_word' id='word_1_9' title='bbox 437 543 501 626; x_wconf 86' lang='lat' dir='ltr'><strong>aut</strong></span> <span class='ocrx_word' id='word_1_10' title='bbox 513 553 706 654; x_wconf 82' lang='lat' dir='ltr'>superiore</span> <span class='ocrx_word' id='word_1_11' title='bbox 722 555 833 626; x_wconf 86' lang='lat' dir='ltr'><strong>etiam</strong></span> <span class='ocrx_word' id='word_1_12' title='bbox 849 555 934 627; x_wconf 90' lang='lat' dir='ltr'><strong>loco</strong></span> <span class='ocrx_word' id='word_1_13' title='bbox 945 569 1191 658; x_wconf 83' lang='lat' dir='ltr'><strong>perangusta3</strong></span> <span class='ocrx_word' id='word_1_14' title='bbox 1209 551 1305 652; x_wconf 87' lang='lat' dir='ltr'><strong>quod</strong></span> 
     </span>
     <span class='ocr_line' id='line_1_3' title="bbox 305 669 1307 760; baseline -0.002 -18"><span class='ocrx_word' id='word_1_15' title='bbox 305 673 442 743; x_wconf 68' lang='lat' dir='ltr'><strong>tunicae</strong></span> <span class='ocrx_word' id='word_1_16' title='bbox 452 687 576 744; x_wconf 88' lang='lat' dir='ltr'><strong>essent</strong></span> <span class='ocrx_word' id='word_1_17' title='bbox 587 673 626 742; x_wconf 94' lang='lat' dir='ltr'><strong>in</strong></span> <span class='ocrx_word' id='word_1_18' title='bbox 637 669 883 760; x_wconf 84' lang='lat' dir='ltr'><strong>skirrhosam,</strong></span> <span class='ocrx_word' id='word_1_19' title='bbox 899 685 935 745; x_wconf 87' lang='lat' dir='ltr'><strong>et</strong></span> <span class='ocrx_word' id='word_1_20' title='bbox 947 675 1107 745; x_wconf 83' lang='lat' dir='ltr'><strong>vomicis</strong></span> <span class='ocrx_word' id='word_1_21' title='bbox 1118 670 1307 758; x_wconf 85' lang='lat' dir='ltr'><strong>refertam,</strong></span> 
     </span>
     <span class='ocr_line' id='line_1_4' title="bbox 294 789 1305 890; baseline -0.002 -30"><span class='ocrx_word' id='word_1_22' title='bbox 294 805 370 876; x_wconf 85' lang='lat' dir='ltr'><strong>¹aut</strong></span> <span class='ocrx_word' id='word_1_23' title='bbox 386 791 426 860; x_wconf 91' lang='lat' dir='ltr'><strong>in</strong></span> <span class='ocrx_word' id='word_1_24' title='bbox 447 789 724 890; x_wconf 85' lang='lat' dir='ltr'><strong>cartilagineam</strong></span> <span class='ocrx_word' id='word_1_25' title='bbox 749 805 900 862; x_wconf 86' lang='lat' dir='ltr'><strong>mutatae</strong></span> <span class='ocrx_word' id='word_1_26' title='bbox 929 791 1209 878; x_wconf 79' lang='lat' dir='ltr'><strong>substantiam,</strong></span> <span class='ocrx_word' id='word_1_27' title='bbox 1239 789 1305 860; x_wconf 81' lang='lat' dir='ltr'><strong>sive</strong></span> 
     </span>
     <span class='ocr_line' id='line_1_5' title="bbox 306 906 1305 1006; baseline -0.004 -28"><span class='ocrx_word' id='word_1_28' title='bbox 306 907 411 1005; x_wconf 92' lang='lat' dir='ltr'><strong>quod</strong></span> <span class='ocrx_word' id='word_1_29' title='bbox 427 909 508 1004; x_wconf 88' lang='lat' dir='ltr'><strong>ejus</strong></span> <span class='ocrx_word' id='word_1_30' title='bbox 529 931 662 980; x_wconf 84' lang='lat' dir='ltr'><strong>cavum</strong></span> <span class='ocrx_word' id='word_1_31' title='bbox 684 906 928 1006; x_wconf 81' lang='lat' dir='ltr'><strong>glandulosus</strong></span> <span class='ocrx_word' id='word_1_32' title='bbox 949 909 1149 980; x_wconf 86' lang='lat' dir='ltr'><strong>obturaret</strong></span> <span class='ocrx_word' id='word_1_33' title='bbox 1168 923 1305 992; x_wconf 85' lang='lat' dir='ltr'><strong>tumor,</strong></span> 
     </span>
     <span class='ocr_line' id='line_1_6' title="bbox 305 1023 1305 1125; baseline -0.003 -28"><span class='ocrx_word' id='word_1_34' title='bbox 305 1029 380 1097; x_wconf 88' lang='lat' dir='ltr'><strong>sive</strong></span> <span class='ocrx_word' id='word_1_35' title='bbox 408 1024 512 1122; x_wconf 93' lang='lat' dir='ltr'><strong>quod</strong></span> <span class='ocrx_word' id='word_1_36' title='bbox 537 1027 671 1125; x_wconf 84' lang='lat' dir='ltr'><strong>ingens</strong></span> <span class='ocrx_word' id='word_1_37' title='bbox 697 1041 884 1098; x_wconf 73' lang='lat' dir='ltr'><strong>&#39;steatoma</strong></span> <span class='ocrx_word' id='word_1_38' title='bbox 909 1025 1090 1114; x_wconf 88' lang='lat' dir='ltr'><strong>adsitum‚</strong></span> <span class='ocrx_word' id='word_1_39' title='bbox 1124 1039 1192 1097; x_wconf 85' lang='lat' dir='ltr'><strong>aut</strong></span> <span class='ocrx_word' id='word_1_40' title='bbox 1223 1023 1305 1096; x_wconf 81' lang='lat' dir='ltr'><strong>skir-</strong></span> 
     </span>
     <span class='ocr_line' id='line_1_7' title="bbox 264 1141 1304 1240; baseline -0.005 -27"><span class='ocrx_word' id='word_1_41' title='bbox 264 1173 273 1188; x_wconf 77' lang='lat'><strong><em>¹</em></strong></span> <span class='ocrx_word' id='word_1_42' title='bbox 305 1141 418 1229; x_wconf 84' lang='lat' dir='ltr'><strong>rhosa</strong></span> <span class='ocrx_word' id='word_1_43' title='bbox 426 1142 619 1238; x_wconf 87' lang='lat' dir='ltr'>pulmonis</span> <span class='ocrx_word' id='word_1_44' title='bbox 634 1166 720 1240; x_wconf 86' lang='lat' dir='ltr'><strong>pars</strong></span> <span class='ocrx_word' id='word_1_45' title='bbox 735 1145 1018 1240; x_wconf 84' lang='lat' dir='ltr'><strong>comprimeret,</strong></span> <span class='ocrx_word' id='word_1_46' title='bbox 1032 1167 1074 1213; x_wconf 85' lang='lat' dir='ltr'><strong>ac</strong></span> <span class='ocrx_word' id='word_1_47' title='bbox 1090 1153 1304 1214; x_wconf 84' lang='lat' dir='ltr'><strong>coarctaret.</strong></span> 
     </span>
     <span class='ocr_line' id='line_1_8' title="bbox 305 1255 1307 1355; baseline -0.004 -27"><span class='ocrx_word' id='word_1_48' title='bbox 305 1259 361 1328; x_wconf 90' lang='lat' dir='ltr'><strong>De</strong></span> <span class='ocrx_word' id='word_1_49' title='bbox 378 1257 660 1332; x_wconf 83' lang='lat' dir='ltr'>ruminantibus</span> <span class='ocrx_word' id='word_1_50' title='bbox 679 1256 923 1347; x_wconf 87' lang='lat' dir='ltr'><strong>hominibus,</strong></span> <span class='ocrx_word' id='word_1_51' title='bbox 941 1257 989 1330; x_wconf 91' lang='lat' dir='ltr'><strong>ad</strong></span> <span class='ocrx_word' id='word_1_52' title='bbox 1009 1283 1052 1330; x_wconf 86' lang='lat' dir='ltr'><strong>ea</strong></span> <span class='ocrx_word' id='word_1_53' title='bbox 1070 1283 1158 1355; x_wconf 83' lang='lat' dir='ltr'><strong>quae</strong></span> <span class='ocrx_word' id='word_1_54' title='bbox 1178 1255 1307 1328; x_wconf 86' lang='lat' dir='ltr'><strong>cursim</strong></span> 
     </span>
     <span class='ocr_line' id='line_1_9' title="bbox 308 1365 1308 1474; baseline -0.002 -30"><span class='ocrx_word' id='word_1_55' title='bbox 308 1375 414 1470; x_wconf 83' lang='lat' dir='ltr'><strong>attigi</strong></span> <span class='ocrx_word' id='word_1_56' title='bbox 438 1374 595 1471; x_wconf 77' lang='lat' dir='ltr'><strong>epistola</strong></span> <span class='ocrx_word' id='word_1_57' title='bbox 609 1377 730 1444; x_wconf 78' lang='lat' dir='ltr'><strong>XXIX</strong></span> <span class='ocrx_word' id='word_1_58' title='bbox 750 1373 805 1471; x_wconf 85' lang='lat'><strong>(1)</strong></span> <span class='ocrx_word' id='word_1_59' title='bbox 831 1365 927 1446; x_wconf 82' lang='lat' dir='ltr'><strong>riihil</strong></span> <span class='ocrx_word' id='word_1_60' title='bbox 952 1373 1132 1474; x_wconf 83' lang='lat' dir='ltr'><strong>estquod</strong></span> <span class='ocrx_word' id='word_1_61' title='bbox 1160 1371 1308 1458; x_wconf 82' lang='lat' dir='ltr'><strong>addam,</strong></span> 
     </span>
     <span class='ocr_line' id='line_1_10' title="bbox 216 1475 1308 1592; baseline -0.001 -32"><span class='ocrx_word' id='word_1_62' title='bbox 216 1531 222 1538; x_wconf 88' lang='lat'><em>·</em></span> <span class='ocrx_word' id='word_1_63' title='bbox 306 1493 381 1560; x_wconf 77' lang='lat' dir='ltr'><strong>nist</strong></span> <span class='ocrx_word' id='word_1_64' title='bbox 400 1492 637 1586; x_wconf 84' lang='lat' dir='ltr'><strong>corniculum</strong></span> <span class='ocrx_word' id='word_1_65' title='bbox 653 1491 762 1589; x_wconf 88' lang='lat' dir='ltr'><strong>quod</strong></span> <span class='ocrx_word' id='word_1_66' title='bbox 778 1493 901 1591; x_wconf 83' lang='lat' dir='ltr'><strong>paulo</strong></span> <span class='ocrx_word' id='word_1_67' title='bbox 924 1517 1038 1592; x_wconf 86' lang='lat' dir='ltr'><strong>supra</strong></span> <span class='ocrx_word' id='word_1_68' title='bbox 1054 1490 1223 1563; x_wconf 82' lang='lat' dir='ltr'><strong>frontem</strong></span> <span class='ocrx_word' id='word_1_69' title='bbox 1251 1475 1308 1586; x_wconf 58' lang='lat' dir='ltr'><strong>ira-</strong></span> 
     </span>
     <span class='ocr_line' id='line_1_11' title="bbox 305 1605 1306 1706; baseline -0.003 -28"><span class='ocrx_word' id='word_1_70' title='bbox 305 1624 394 1679; x_wconf 84' lang='lat' dir='ltr'><strong>rens</strong></span> <span class='ocrx_word' id='word_1_71' title='bbox 410 1607 471 1678; x_wconf 85' lang='lat' dir='ltr'><strong>ille</strong></span> <span class='ocrx_word' id='word_1_72' title='bbox 492 1623 677 1706; x_wconf 78' lang='lat' dir='ltr'><strong>gesserat.</strong></span> <span class='ocrx_word' id='word_1_73' title='bbox 703 1609 858 1681; x_wconf 91' lang='lat' dir='ltr'><strong>minime</strong></span> <span class='ocrx_word' id='word_1_74' title='bbox 885 1607 1006 1681; x_wconf 67' lang='lat' dir='ltr'><strong>uideri</strong></span> <span class='ocrx_word' id='word_1_75' title='bbox 1031 1605 1170 1680; x_wconf 72' lang='lat' dir='ltr'><strong>attilii</strong></span> <span class='ocrx_word' id='word_1_76' title='bbox 1196 1607 1306 1678; x_wconf 89' lang='lat' dir='ltr'><strong>rumi-</strong></span> 
     </span>
    </p>
   </div>
   <div class='ocr_carea' id='block_1_3' title="bbox 1388 1376 1397 1539">
    <p class='ocr_par' dir='ltr' id='par_1_3' title="bbox 1388 1376 1397 1539">
     <span class='ocr_line' id='line_1_12' title="bbox 1388 1376 1397 1539; baseline 0 -14"><span class='ocrx_word' id='word_1_77' title='bbox 1388 1376 1397 1539; x_wconf 74' lang='lat' dir='ltr'><strong>i</strong></span> 
     </span>
    </p>
   </div>
   <div class='ocr_carea' id='block_1_4' title="bbox 305 1709 1394 1824">
    <p class='ocr_par' dir='ltr' id='par_1_4' title="bbox 305 1709 1394 1824">
     <span class='ocr_line' id='line_1_13' title="bbox 305 1709 1394 1824; baseline -0.001 -28"><span class='ocrx_word' id='word_1_78' title='bbox 305 1726 500 1796; x_wconf 88' lang='lat' dir='ltr'><strong>nationem</strong></span> <span class='ocrx_word' id='word_1_79' title='bbox 527 1727 780 1823; x_wconf 88' lang='lat' dir='ltr'><strong>pertinuisse;</strong></span> <span class='ocrx_word' id='word_1_80' title='bbox 828 1725 1193 1824; x_wconf 78' lang='lat' dir='ltr'><strong>quando&#39;Snehsius</strong></span> <span class='ocrx_word' id='word_1_81' title='bbox 1232 1725 1305 1822; x_wconf 76' lang='lat' dir='ltr'><strong>(a)</strong></span> <span class='ocrx_word' id='word_1_82' title='bbox 1389 1709 1394 1757; x_wconf 64' lang='lat'><strong><em>³</em></strong></span> 
     </span>
    </p>
   </div>
   <div class='ocr_carea' id='block_1_5' title="bbox 211 1833 1308 2410">
    <p class='ocr_par' dir='ltr' id='par_1_5' title="bbox 211 1833 1308 2410">
     <span class='ocr_line' id='line_1_14' title="bbox 306 1833 1306 1942; baseline -0.002 -28"><span class='ocrx_word' id='word_1_83' title='bbox 306 1861 394 1914; x_wconf 80' lang='lat' dir='ltr'><strong>eum</strong></span> <span class='ocrx_word' id='word_1_84' title='bbox 431 1857 488 1914; x_wconf 89' lang='lat' dir='ltr'><strong>tot</strong></span> <span class='ocrx_word' id='word_1_85' title='bbox 518 1844 689 1941; x_wconf 79' lang='lat' dir='ltr'><strong>exempla</strong></span> <span class='ocrx_word' id='word_1_86' title='bbox 727 1833 930 1942; x_wconf 81' lang='lat' dir='ltr'><strong>protulerit</strong></span> <span class='ocrx_word' id='word_1_87' title='bbox 962 1859 1216 1916; x_wconf 76' lang='lat' dir='ltr'><strong>cornutorum</strong></span> <span class='ocrx_word' id='word_1_88' title='bbox 1248 1841 1306 1912; x_wconf 80' lang='lat' dir='ltr'><strong>ho</strong></span> 
     </span>
     <span class='ocr_line' id='line_1_15' title="bbox 304 1957 1306 2050; baseline -0.002 -20"><span class='ocrx_word' id='word_1_89' title='bbox 304 1959 489 2047; x_wconf 88' lang='lat' dir='ltr'><strong>minum,</strong></span> <span class='ocrx_word' id='word_1_90' title='bbox 518 1957 598 2031; x_wconf 78' lang='lat' dir='ltr'><strong>n&#39;on</strong></span> <span class='ocrx_word' id='word_1_91' title='bbox 623 1959 738 2032; x_wconf 86' lang='lat' dir='ltr'><strong>modo</strong></span> <span class='ocrx_word' id='word_1_92' title='bbox 765 1961 886 2032; x_wconf 85' lang='lat' dir='ltr'><strong>ullum</strong></span> <span class='ocrx_word' id='word_1_93' title='bbox 914 1961 1078 2050; x_wconf 86' lang='lat' dir='ltr'><strong>horum,</strong></span> <span class='ocrx_word' id='word_1_94' title='bbox 1114 1975 1181 2032; x_wconf 87' lang='lat' dir='ltr'><strong>aut</strong></span> <span class='ocrx_word' id='word_1_95' title='bbox 1214 1958 1306 2030; x_wconf 86' lang='lat' dir='ltr'><strong>filio·</strong></span> 
     </span>
     <span class='ocr_line' id='line_1_16' title="bbox 305 2075 1306 2174; baseline 0.002 -28"><span class='ocrx_word' id='word_1_96' title='bbox 305 2098 420 2164; x_wconf 84' lang='lat' dir='ltr'><strong>rum,</strong></span> <span class='ocrx_word' id='word_1_97' title='bbox 461 2091 597 2174; x_wconf 82' lang='lat' dir='ltr'><strong>praeter</strong></span> <span class='ocrx_word' id='word_1_98' title='bbox 634 2079 740 2149; x_wconf 84' lang='lat' dir='ltr'><strong>illum</strong></span> <span class='ocrx_word' id='word_1_99' title='bbox 771 2102 915 2166; x_wconf 88' lang='lat' dir='ltr'><strong>unum,</strong></span> <span class='ocrx_word' id='word_1_100' title='bbox 942 2080 1153 2150; x_wconf 87' lang='lat' dir='ltr'><strong>ruminasse</strong></span> <span class='ocrx_word' id='word_1_101' title='bbox 1194 2075 1306 2149; x_wconf 88' lang='lat' dir='ltr'><strong>adno-</strong></span> 
     </span>
     <span class='ocr_line' id='line_1_17' title="bbox 211 2193 1308 2296; baseline 0.002 -32"><span class='ocrx_word' id='word_1_102' title='bbox 211 2214 214 2224; x_wconf 90' lang='grc'>’</span> <span class='ocrx_word' id='word_1_103' title='bbox 305 2195 427 2281; x_wconf 81' lang='lat' dir='ltr'><strong>ta&#39;vit3</strong></span> <span class='ocrx_word' id='word_1_104' title='bbox 458 2195 523 2266; x_wconf 88' lang='lat' dir='ltr'><strong>sed</strong></span> <span class='ocrx_word' id='word_1_105' title='bbox 555 2194 720 2293; x_wconf 82' lang='lat' dir='ltr'><strong>denique</strong></span> <span class='ocrx_word' id='word_1_106' title='bbox 748 2196 969 2285; x_wconf 80' lang='lat' dir='ltr'><strong>admonuit,</strong></span> <span class='ocrx_word' id='word_1_107' title='bbox 995 2193 1202 2296; x_wconf 81' lang='lat' dir='ltr'><strong>plerosque</strong></span> <span class='ocrx_word' id='word_1_108' title='bbox 1224 2219 1308 2266; x_wconf 84' lang='lat' dir='ltr'><strong>auc-</strong></span> 
     </span>
     <span class='ocr_line' id='line_1_18' title="bbox 309 2314 1308 2410; baseline 0.002 -31"><span class='ocrx_word' id='word_1_109' title='bbox 309 2325 408 2382; x_wconf 77' lang='lat' dir='ltr'><strong>tores</strong></span> <span class='ocrx_word' id='word_1_110' title='bbox 431 2335 480 2382; x_wconf 76' lang='lat' dir='ltr'><strong>ea</strong></span> <span class='ocrx_word' id='word_1_111' title='bbox 495 2314 973 2410; x_wconf 74' lang='lat' dir='ltr'><strong>verrucarumgenerehoec</strong></span> <span class='ocrx_word' id='word_1_112' title='bbox 985 2337 1128 2384; x_wconf 81' lang='lat' dir='ltr'><strong>cornua</strong></span> <span class='ocrx_word' id='word_1_113' title='bbox 1139 2335 1308 2410; x_wconf 82' lang='lat' dir='ltr'><strong>essepro·</strong></span> 
     </span>
    </p>
   </div>
   <div class='ocr_carea' id='block_1_6' title="bbox 307 2429 1393 2528">
    <p class='ocr_par' dir='ltr' id='par_1_6' title="bbox 307 2429 1393 2528">
     <span class='ocr_line' id='line_1_19' title="bbox 307 2429 1393 2528; baseline 0 -30"><span class='ocrx_word' id='word_1_114' title='bbox 307 2435 519 2518; x_wconf 82' lang='lat' dir='ltr'><strong>nuncz&#39;asse,·</strong></span> <span class='ocrx_word' id='word_1_115' title='bbox 542 2455 637 2528; x_wconf 89' lang='lat' dir='ltr'><strong>quas</strong></span> <span class='ocrx_word' id='word_1_116' title='bbox 646 2433 746 2504; x_wconf 88' lang='lat' dir='ltr'><strong>inter</strong></span> <span class='ocrx_word' id='word_1_117' title='bbox 764 2449 801 2503; x_wconf 90' lang='lat' dir='ltr'><strong>et</strong></span> <span class='ocrx_word' id='word_1_118' title='bbox 816 2433 1133 2518; x_wconf 82' lang='lat' dir='ltr'><strong>ruminationem,</strong></span> <span class='ocrx_word' id='word_1_119' title='bbox 1151 2431 1231 2502; x_wconf 83' lang='lat' dir='ltr'><strong>sive</strong></span> <span class='ocrx_word' id='word_1_120' title='bbox 1244 2429 1308 2500; x_wconf 86' lang='lat' dir='ltr'><strong>ori·</strong></span> <span class='ocrx_word' id='word_1_121' title='bbox 1392 2469 1393 2472; x_wconf 61' lang='lat'><em>=</em></span> 
     </span>
    </p>
   </div>
   <div class='ocr_carea' id='block_1_7' title="bbox 212 2541 1306 3708">
    <p class='ocr_par' dir='ltr' id='par_1_7' title="bbox 212 2541 1306 3708">
     <span class='ocr_line' id='line_1_20' title="bbox 276 2541 1306 2647; baseline 0.001 -31"><span class='ocrx_word' id='word_1_122' title='bbox 276 2541 294 2641; x_wconf 19' lang='grc' dir='ltr'><strong>’μ</strong></span> <span class='ocrx_word' id='word_1_123' title='bbox 308 2569 359 2646; x_wconf 85' lang='lat' dir='ltr'><strong>go</strong></span> <span class='ocrx_word' id='word_1_124' title='bbox 375 2601 384 2634; x_wconf 89' lang='lat'>‚</span> <span class='ocrx_word' id='word_1_125' title='bbox 398 2547 476 2618; x_wconf 88' lang='lat' dir='ltr'><strong>sive</strong></span> <span class='ocrx_word' id='word_1_126' title='bbox 492 2563 626 2620; x_wconf 85' lang='lat' dir='ltr'><strong>natura</strong></span> <span class='ocrx_word' id='word_1_127' title='bbox 638 2563 851 2647; x_wconf 83' lang='lat' dir='ltr'><strong>spectetur,</strong></span> <span class='ocrx_word' id='word_1_128' title='bbox 865 2551 950 2646; x_wconf 91' lang='lat' dir='ltr'><strong>quis</strong></span> <span class='ocrx_word' id='word_1_129' title='bbox 967 2545 1106 2644; x_wconf 87' lang='lat' dir='ltr'><strong>aliquid</strong></span> <span class='ocrx_word' id='word_1_130' title='bbox 1116 2545 1222 2619; x_wconf 86' lang='lat' dir='ltr'><strong>dicat</strong></span> <span class='ocrx_word' id='word_1_131' title='bbox 1233 2570 1306 2618; x_wconf 84' lang='lat' dir='ltr'><strong>esse</strong></span> 
     </span>
     <span class='ocr_line' id='line_1_21' title="bbox 305 2661 1304 2763; baseline -0.002 -28"><span class='ocrx_word' id='word_1_132' title='bbox 305 2667 537 2737; x_wconf 78' lang='lat' dir='ltr'><strong>commune?</strong></span> <span class='ocrx_word' id='word_1_133' title='bbox 567 2671 620 2738; x_wconf 80' lang='lat' dir='ltr'><strong>Ex</strong></span> <span class='ocrx_word' id='word_1_134' title='bbox 640 2689 886 2739; x_wconf 87' lang='lat' dir='ltr'><strong>verrucarum</strong></span> <span class='ocrx_word' id='word_1_135' title='bbox 906 2681 1031 2738; x_wconf 89' lang='lat' dir='ltr'><strong>autem</strong></span> <span class='ocrx_word' id='word_1_136' title='bbox 1052 2687 1192 2763; x_wconf 85' lang='lat' dir='ltr'><strong>genere</strong></span> <span class='ocrx_word' id='word_1_137' title='bbox 1218 2661 1304 2734; x_wconf 83' lang='lat' dir='ltr'><strong>iilud</strong></span> 
     </span>
     <span class='ocr_line' id='line_1_22' title="bbox 306 2775 1305 2884; baseline -0.001 -32"><span class='ocrx_word' id='word_1_138' title='bbox 306 2795 408 2855; x_wconf 90' lang='lat' dir='ltr'><strong>certe</strong></span> <span class='ocrx_word' id='word_1_139' title='bbox 419 2798 497 2854; x_wconf 87' lang='lat' dir='ltr'><strong>erat</strong></span> <span class='ocrx_word' id='word_1_140' title='bbox 505 2803 626 2857; x_wconf 85' lang='lat' dir='ltr'><strong>cornu</strong></span> <span class='ocrx_word' id='word_1_141' title='bbox 635 2783 740 2882; x_wconf 91' lang='lat' dir='ltr'><strong>quod</strong></span> <span class='ocrx_word' id='word_1_142' title='bbox 751 2785 970 2884; x_wconf 82' lang='lat' dir='ltr'><strong>nuperrime</strong></span> <span class='ocrx_word' id='word_1_143' title='bbox 981 2784 1061 2881; x_wconf 89' lang='lat' dir='ltr'><strong>ipse</strong></span> <span class='ocrx_word' id='word_1_144' title='bbox 1072 2783 1113 2852; x_wconf 91' lang='lat' dir='ltr'><strong>in</strong></span> <span class='ocrx_word' id='word_1_145' title='bbox 1124 2775 1223 2854; x_wconf 48' lang='lat' dir='ltr'><strong>&#39;sene</strong></span> <span class='ocrx_word' id='word_1_146' title='bbox 1237 2779 1305 2851; x_wconf 81' lang='lat' dir='ltr'><strong>vidi</strong></span> 
     </span>
     <span class='ocr_line' id='line_1_23' title="bbox 304 2898 1304 2998; baseline 0 -29"><span class='ocrx_word' id='word_1_147' title='bbox 304 2923 354 2986; x_wconf 75' lang='lat' dir='ltr'><strong>ex,</strong></span> <span class='ocrx_word' id='word_1_148' title='bbox 367 2925 457 2998; x_wconf 85' lang='lat' dir='ltr'><strong>agro</strong></span> <span class='ocrx_word' id='word_1_149' title='bbox 476 2898 663 2974; x_wconf 75' lang='lat' dir='ltr'><strong>Patavina,</strong></span> <span class='ocrx_word' id='word_1_150' title='bbox 679 2905 724 2973; x_wconf 91' lang='lat' dir='ltr'><strong>In</strong></span> <span class='ocrx_word' id='word_1_151' title='bbox 743 2902 838 2973; x_wconf 86' lang='lat' dir='ltr'><strong>illud</strong></span> <span class='ocrx_word' id='word_1_152' title='bbox 856 2903 957 2975; x_wconf 91' lang='lat' dir='ltr'><strong>enim</strong></span> <span class='ocrx_word' id='word_1_153' title='bbox 977 2921 1175 2972; x_wconf 84' lang='lat' dir='ltr'><strong>verrucam</strong></span> <span class='ocrx_word' id='word_1_154' title='bbox 1196 2923 1304 2998; x_wconf 90' lang='lat' dir='ltr'><strong>quam</strong></span> 
     </span>
     <span class='ocr_line' id='line_1_24' title="bbox 303 3015 1305 3119; baseline 0 -33"><span class='ocrx_word' id='word_1_155' title='bbox 303 3015 370 3086; x_wconf 88' lang='lat' dir='ltr'><strong>diu</strong></span> <span class='ocrx_word' id='word_1_156' title='bbox 384 3019 423 3088; x_wconf 92' lang='lat' dir='ltr'><strong>in</strong></span> <span class='ocrx_word' id='word_1_157' title='bbox 443 3017 531 3090; x_wconf 83' lang='lat' dir='ltr'><strong>laeva</strong></span> <span class='ocrx_word' id='word_1_158' title='bbox 547 3021 731 3118; x_wconf 83' lang='lat' dir='ltr'><strong>sincipitis</strong></span> <span class='ocrx_word' id='word_1_159' title='bbox 757 3035 862 3119; x_wconf 87' lang='lat' dir='ltr'><strong>parte</strong></span> <span class='ocrx_word' id='word_1_160' title='bbox 881 3023 1060 3117; x_wconf 82' lang='lat' dir='ltr'><strong>gesserat,</strong></span> <span class='ocrx_word' id='word_1_161' title='bbox 1080 3033 1169 3089; x_wconf 88' lang='lat' dir='ltr'><strong>ante</strong></span> <span class='ocrx_word' id='word_1_162' title='bbox 1189 3041 1305 3088; x_wconf 90' lang='lat' dir='ltr'><strong>annos</strong></span> 
     </span>
     <span class='ocr_line' id='line_1_25' title="bbox 212 3126 1303 3234; baseline 0.001 -31"><span class='ocrx_word' id='word_1_163' title='bbox 212 3156 215 3162; x_wconf 91' lang='lat'><em>·</em></span> <span class='ocrx_word' id='word_1_164' title='bbox 301 3131 467 3230; x_wconf 84' lang='lat' dir='ltr'><strong>quatuor</strong></span> <span class='ocrx_word' id='word_1_165' title='bbox 499 3136 745 3234; x_wconf 84' lang='lat' dir='ltr'><strong>degenerasse</strong></span> <span class='ocrx_word' id='word_1_166' title='bbox 771 3137 911 3227; x_wconf 87' lang='lat' dir='ltr'><strong>aiebat,</strong></span> <span class='ocrx_word' id='word_1_167' title='bbox 934 3153 972 3210; x_wconf 90' lang='lat' dir='ltr'><strong>et</strong></span> <span class='ocrx_word' id='word_1_168' title='bbox 999 3137 1136 3210; x_wconf 89' lang='lat' dir='ltr'><strong>sensim</strong></span> <span class='ocrx_word' id='word_1_169' title='bbox 1162 3126 1211 3206; x_wconf 88' lang='lat' dir='ltr'><strong>ad</strong></span> <span class='ocrx_word' id='word_1_170' title='bbox 1227 3158 1303 3206; x_wconf 84' lang='lat' dir='ltr'><strong>eam</strong></span> 
     </span>
     <span class='ocr_line' id='line_1_26' title="bbox 301 3255 1301 3354; baseline 0.003 -34"><span class='ocrx_word' id='word_1_171' title='bbox 301 3273 377 3348; x_wconf 88' lang='lat' dir='ltr'><strong>qua</strong></span> <span class='ocrx_word' id='word_1_172' title='bbox 407 3265 498 3323; x_wconf 84' lang='lat' dir='ltr'><strong>tunc</strong></span> <span class='ocrx_word' id='word_1_173' title='bbox 527 3269 627 3342; x_wconf 86' lang='lat' dir='ltr'><strong>erat,</strong></span> <span class='ocrx_word' id='word_1_174' title='bbox 662 3255 876 3354; x_wconf 83' lang='lat' dir='ltr'><strong>digitorum</strong></span> <span class='ocrx_word' id='word_1_175' title='bbox 899 3271 1200 3329; x_wconf 82' lang='lat' dir='ltr'><strong>transversorum</strong></span> <span class='ocrx_word' id='word_1_176' title='bbox 1229 3277 1301 3324; x_wconf 89' lang='lat' dir='ltr'><strong>am-</strong></span> 
     </span>
     <span class='ocr_line' id='line_1_27' title="bbox 300 3367 1302 3470; baseline 0.002 -32"><span class='ocrx_word' id='word_1_177' title='bbox 300 3367 577 3468; x_wconf 79' lang='lat' dir='ltr'><strong>plius-quatuor</strong></span> <span class='ocrx_word' id='word_1_178' title='bbox 590 3370 1302 3470; x_wconf 82' lang='lat' dir='ltr'><strong>longitudinemexcrevi-sseNisibasim</strong></span> 
     </span>
     <span class='ocr_line' id='line_1_28' title="bbox 299 3489 1300 3586; baseline 0.003 -31"><span class='ocrx_word' id='word_1_179' title='bbox 299 3507 430 3559; x_wconf 73' lang='lat' dir='ltr'><strong>tersus</strong></span> <span class='ocrx_word' id='word_1_180' title='bbox 447 3489 698 3586; x_wconf 82' lang='lat' dir='ltr'><strong>reprimeres3</strong></span> <span class='ocrx_word' id='word_1_181' title='bbox 719 3491 839 3584; x_wconf 78' lang='lat' dir='ltr'><strong>homo.</strong></span> <span class='ocrx_word' id='word_1_182' title='bbox 858 3517 936 3563; x_wconf 92' lang='lat' dir='ltr'><strong>non</strong></span> <span class='ocrx_word' id='word_1_183' title='bbox 951 3490 1131 3564; x_wconf 77' lang='lat' dir='ltr'><strong>dolebat:</strong></span> <span class='ocrx_word' id='word_1_184' title='bbox 1153 3513 1224 3562; x_wconf 91' lang='lat' dir='ltr'><strong>nec</strong></span> <span class='ocrx_word' id='word_1_185' title='bbox 1241 3490 1300 3560; x_wconf 91' lang='lat' dir='ltr'><strong>mi·</strong></span> 
     </span>
     <span class='ocr_line' id='line_1_29' title="bbox 297 3603 1297 3708; baseline 0.003 -36"><span class='ocrx_word' id='word_1_186' title='bbox 297 3624 384 3676; x_wconf 87' lang='lat' dir='ltr'><strong>rum</strong></span> <span class='ocrx_word' id='word_1_187' title='bbox 398 3615 419 3693; x_wconf 76' lang='lat'><strong>3&#39;</strong></span> <span class='ocrx_word' id='word_1_188' title='bbox 432 3607 528 3678; x_wconf 88' lang='lat' dir='ltr'><strong>eutis</strong></span> <span class='ocrx_word' id='word_1_189' title='bbox 547 3609 649 3679; x_wconf 85' lang='lat' dir='ltr'><strong>enim</strong></span> <span class='ocrx_word' id='word_1_190' title='bbox 670 3608 832 3706; x_wconf 90' lang='lat' dir='ltr'><strong>quadam</strong></span> <span class='ocrx_word' id='word_1_191' title='bbox 852 3607 1151 3708; x_wconf 75' lang='lat' dir='ltr'><strong>quasi&#39;phlosgosi</strong></span> <span class='ocrx_word' id='word_1_192' title='bbox 1172 3603 1297 3678; x_wconf 83' lang='lat' dir='ltr'><strong>affecta</strong></span> 
     </span>
    </p>
   </div>
   <div class='ocr_carea' id='block_1_8' title="bbox 336 3893 1060 4069">
    <p class='ocr_par' dir='ltr' id='par_1_8' title="bbox 336 3893 1060 4069">
     <span class='ocr_line' id='line_1_30' title="bbox 354 3893 948 3951; baseline -0.003 -1"><span class='ocrx_word' id='word_1_193' title='bbox 354 3915 363 3949; x_wconf 85' lang='lat' dir='ltr'><strong>r</strong></span> <span class='ocrx_word' id='word_1_194' title='bbox 401 3893 440 3951; x_wconf 86' lang='lat' dir='ltr'><strong>N.</strong></span> <span class='ocrx_word' id='word_1_195' title='bbox 482 3931 489 3946; x_wconf 83' lang='lat'><strong>·</strong></span> <span class='ocrx_word' id='word_1_196' title='bbox 944 3942 948 3948; x_wconf 90' lang='lat'>.</span> 
     </span>
     <span class='ocr_line' id='line_1_31' title="bbox 336 3893 1060 4069; baseline 0.001 -22"><span class='ocrx_word' id='word_1_197' title='bbox 336 3893 381 4069; x_wconf 51' lang='grc' dir='ltr'><strong>ξιξ</strong></span> <span class='ocrx_word' id='word_1_198' title='bbox 401 3993 437 4050; x_wconf 82' lang='lat' dir='ltr'><strong>ln</strong></span> <span class='ocrx_word' id='word_1_199' title='bbox 454 3901 545 4050; x_wconf 71' lang='lat' dir='ltr'><strong>sithol.</strong></span> <span class='ocrx_word' id='word_1_200' title='bbox 559 3993 597 4050; x_wconf 76' lang='lat' dir='ltr'><strong>ad</strong></span> <span class='ocrx_word' id='word_1_201' title='bbox 610 3993 674 4049; x_wconf 82' lang='lat' dir='ltr'><strong>obs.</strong></span> <span class='ocrx_word' id='word_1_202' title='bbox 691 3993 743 4065; x_wconf 80' lang='lat'><strong>30,</strong></span> <span class='ocrx_word' id='word_1_203' title='bbox 758 3995 794 4050; x_wconf 75' lang='lat' dir='ltr'><strong>A.</strong></span> <span class='ocrx_word' id='word_1_204' title='bbox 813 4013 844 4065; x_wconf 81' lang='lat' dir='ltr'><strong>r,</strong></span> <span class='ocrx_word' id='word_1_205' title='bbox 859 3993 936 4068; x_wconf 74' lang='lat' dir='ltr'><strong>Epir·</strong></span> <span class='ocrx_word' id='word_1_206' title='bbox 951 3993 989 4049; x_wconf 86' lang='lat' dir='ltr'><strong>N.</strong></span> <span class='ocrx_word' id='word_1_207' title='bbox 1006 3991 1039 4048; x_wconf 87' lang='lat' dir='ltr'><strong>C.</strong></span> <span class='ocrx_word' id='word_1_208' title='bbox 1054 3979 1060 3986; x_wconf 48' lang='grc'>’</span> 
     </span>
    </p>
   </div>
   <div class='ocr_carea' id='block_1_9' title="bbox 0 0 1416 4652">
    <p class='ocr_par' dir='ltr' id='par_1_9' title="bbox 0 0 1416 4652">
     <span class='ocr_line' id='line_1_32' title="bbox 0 0 1416 4652; baseline 0 1"><span class='ocrx_word' id='word_1_209' title='bbox 0 0 1416 4652; x_wconf 95' lang='lat' dir='ltr'><strong> </strong></span> 
     </span>
    </p>
   </div>
  </div>
 </body>
</html>
