2824 4652
118 491 1026 554 nummorumauara.surnaronmmsrmxv.
1055 475 1125 575 539

118 619 264 692 tatione
289 619 412 692 statim
444 615 624 714 dignum,
656 615 730 690 nisi
757 615 863 714 quod
894 617 1005 714 oystis
1028 612 1127 686 inim

115 731 251 831 je‘cur,
271 760 398 834 neque
424 737 474 806 ita
498 734 633 832 paulu,
657 733 910 836 deseendens‚
933 733 1019 804 hilis
1045 757 1128 829 quae

122 875 346 950 nonxpauca
370 867 411 924 et
424 851 623 924 obscurior
639 851 780 938 inerat,
804 851 930 924 colore
946 839 1025 922 ¹suo
1046 873 1128 948 pro-

112 961 220 1040 xima
236 970 411 1042 intestina
426 969 547 1040 multo
565 969 675 1041 latius
692 992 807 1066 quam
831 967 1055 1066 plerumque
1073 991 1129 1038 so·

108 1085 175 1159 let
189 1142 199 1175 ,
211 1085 406 1162 ¹infecerat.
428 1086 501 1159 Sed
521 1109 591 1163 nec
610 1086 731 1160 ullum
755 1101 869 1160 tenue
887 1087 1126 1172 intestinum,

117 1225 196 1276 nec
208 1205 462 1295 ventriculus,
487 1205 554 1303 qui
575 1221 654 1298 erat
674 1220 907 1294 contractus,
923 1203 1003 1275 vitii
1021 1202 1127 1301 qnid·

119 1343 241 1419 quam
274 1320 500 1394 habueruut.
537 1325 756 1396 Crassorum
791 1321 974 1394 duntaxat
1002 1337 1127 1419 partes

121 1439 271 1535 aliqua,
302 1453 345 1510 ut
362 1441 498 1538 quaein
525 1429 636 1528 eulog
659 1457 696 1513 et
715 1465 807 1511 vero
827 1465 924 1515 caeco
948 1440 1128 1538 proximu
1179 1490 1181 1496 .

117 1555 211 1634 suat
243 1553 397 1632 valvulae
428 1555 613 1648 babbini,
650 1582 695 1629 ex
741 1551 1035 1628 inflammatione
1067 1558 1127 1626 in-

119 1689 185 1746 tus
207 1671 404 1747 rubebant.
424 1678 582 1746 Rectum
601 1700 705 1746 >vero
732 1672 849 1746 ferme
863 1689 984 1745 totum
1004 1673 1051 1746 ab
1071 1675 1127 1744 in·
1201 1693 1203 1698 ·

119 1789 378 1890 dominatione
398 1791 475 1888 jam
500 1792 658 1881 luebat,
685 1808 722 1864 et
753 1791 816 1864 liic
839 1791 940 1878 illic,
973 1815 1015 1865 ac
1033 1815 1128 1890 pree·

119 1911 251 1982 sertim
286 1909 325 1980 in
348 1910 446 1999 imo,
472 1911 678 1983 introrsum
701 1909 892 1998 tumebat,
921 1909 1023 1980 unde
1054 1933 1129 1982 ma-

115 2015 230 2115 cula,
249 2028 354 2125 quasi
368 2018 501 2098 circuli
513 2024 653 2116 forma,
668 2027 728 2100 'ad
742 2028 849 2126 digiti
870 2025 1017 2126 pollicis
1044 2023 1128 2096 lati-

117 2143 293 2216 tudinem
326 2169 472 2218 sursum
510 2170 549 2219 se
584 2145 834 2234 extendebat,
868 2143 1061 2216 mollicula
1091 2159 1128 2214 et

119 2265 360 2360 prominens,
378 2279 421 2336 ut
431 2264 494 2338 sia
511 2267 693 2362 sanguine
707 2257 831 2351 fieret,
850 2261 981 2336 ibisub
995 2262 1127 2332 intima

115 2381 248 2452 tunica
268 2381 551 2454 semiconcreto.
578 2381 758 2480 Superius
780 2393 903 2454 autem
931 2378 1125 2453 exstabant

118 2497 297 2592 disjectae,
325 2513 426 2570 etex
452 2499 573 2570 rubro
590 2499 650 2570 vel
671 2501 790 2598 magis
808 2496 918 2571 fuscae
941 2512 1008 2568 aut
1029 2519 1125 2568 vere
1220 2567 1223 2578 ,

120 2613 360 2704 lenticulares
383 2613 587 2714 glandulae,
608 2631 673 2688 aut
693 2615 886 2714 quaedam,
904 2638 1032 2689 earum
1047 2615 1124 2686 ins·

117 2744 189 2799 tar.
208 2734 390 2803 Ceterum
401 2733 440 2802 in
457 2736 685 2806 mesenterio
705 2731 889 2832 glandulae
916 2731 1123 2817 nonnulle,

117 2849 290 2944 quamvis
307 2871 403 2919 sanae
421 2848 662 2940 viderentur,
689 2851 851 2948 majores
871 2865 997 2922 tamen
1017 2863 1125 2923 eraut

119 2981 235 3061 quam
264 2961 319 3036 illi
348 2968 445 3038 aetati
474 2971 705 3042 conveniret.
746 2973 826 3042 Hoc
857 2985 981 3041 autem·
1013 2967 1053 3039 in
1081 2991 1126 3040 ea

20 3153 24 3158 .
119 3079 378 3180 frequentius,
411 3083 516 3182 quod
548 3111 693 3186 magne
711 3088 854 3160 arteriae
880 3099 1038 3158 truncus
1060 3083 1123 3158 hic

115 3197 192 3269 illic
207 3195 288 3270 erat
304 3198 515 3288 sumturus,
541 3219 578 3275 et
596 3203 777 3283 interiore
794 3202 887 3276 facie
904 3203 1053 3276 albidus
1071 3199 1125 3274 ob

115 3315 227 3412 plura
242 3321 381 3390 ossium
399 3318 675 3396 inchoamenta.
706 3308 894 3396 Sed'iltud
914 3321 1126 3422 peculiare‚.

115 3433 221 3530 quod
238 3436 268 3506 si
286 3436 456 3510 eamdem
471 3435 601 3512 faciem
624 3433 849 3538 inspiceres,
872 3441 1007 3512 tunicae
1024 3441 1122 3510 latus

118 3552 261 3624 arteriae
280 3554 496 3660 sinistrum2
511 3572 548 3630 et
563 3561 811 3656 posteriorem
826 3573 970 3656 partem
985 3555 1122 3628 facien-

113 3684 169 3740 tes
181 3668 228 3740 ad
246 3671 424 3768 angulum
441 3674 541 3748 inter
559 3699 597 3748 se
610 3677 746 3774 jungi,
773 3699 853 3748 non
866 3699 987 3745 curvae
1003 3675 1124 3745 instar
1216 3759 1218 3763 v

116 3785 244 3865 lineae.
259 3787 497 3862 videbantur.
909 3788 913 3794 ’
1119 3863 1125 3876 ,

165 3903 309 3996 &Quae
328 3905 375 3980 de
404 3923 508 3980 recto
538 3907 720 4010 intestino
751 3908 961 3984 scribebam
990 3908 1126 3998 modo,

116 4019 169 4092 ad
192 4026 414 4098 memoriam
441 4025 631 4101 reducunt
655 4027 915 4104 membranam
947 4025 1050 4104 illam
1079 4051 1125 4100 ex
