2858 4658
125 475 188 526 nr.
202 474 251 526 ru.
266 479 314 528 nr
327 477 463 528 nonnis
478 475 676 544 turrano,
691 467 760 528 etc.
774 477 888 529 arur.
904 439 996 530 ivi.x
1029 459 1070 530 81

92 585 204 680 luisse,
232 593 298 665 sed
320 595 400 690 ejus
424 593 509 664 loco
534 591 737 690 aliquando
771 591 828 689 (1)
853 594 960 692 plura
987 594 1078 694 liga-

93 724 204 780 menta
222 725 416 808 comperta
433 735 513 786 esse
536 709 648 796 dura,
668 732 806 796 crassa,
829 713 977 798 teretia,
997 737 1080 808 quae

92 849 158 948 non
172 827 357 915 exteriuS,
379 827 443 900 sed
464 828 623 898 interius
643 825 754 901 ducta
770 883 779 914 ‚
797 826 949 900 femoris
970 844 1082 927 caput

96 965 169 1013 eum
184 968 360 1042 suprema
371 944 452 1042 ejus
462 960 567 1042 parte
580 959 869 1032 connecterent3
880 945 1083 1042 aliquando

95 1075 204 1138 autem
220 1061 281 1158 (a)
298 1085 384 1132 cum
406 1060 477 1131 hac
494 1061 589 1131 illud
606 1085 737 1132 rursus
761 1061 1082 1160 conglutinatum,

97 1173 447 1277 ferruminatumque
465 1176 577 1251 fuisse
590 1195 793 1276 repertum.
816 1179 872 1250 Ad
888 1205 981 1276 quas
993 1181 1085 1254 (luas
1171 1170 1176 1183 K

99 1297 295 1392 peculiares
311 1296 574 1367 adnotationes
591 1297 775 1368 nonnulla
795 1312 883 1367 sunt
898 1323 979 1394 quae
996 1298 1087 1394 adji-

30 1463 31 1476 i
101 1414 172 1486 cias.
195 1414 253 1486 Ad
270 1415 456 1512 primam,
474 1397 736 1484 Salzmannum
761 1415 800 1484 in
827 1413 1086 1487 dissertatione

99 1530 158 1602 alia
179 1533 251 1628 (3),
273 1533 536 1630 quinquennio
565 1547 752 1604 antaeum
773 1523 887 1629 quam
918 1527 1085 1620 laudavi,

99 1651 233 1738 emissa,
248 1649 431 1720 indicasse
452 1649 653 1746 ligamenta
669 1649 732 1720 illa
755 1648 872 1736 dura,
903 1665 940 1722 et
964 1674 1088 1723 crassa

70 1775 73 1786 “
102 1789 172 1860 quae
190 1767 289 1842 inter
306 1781 471 1864 caputet
495 1763 617 1837 femur
636 1766 847 1864 Ruyschius
869 1767 1029 1854 viderat,
1050 1783 1087 1840 et

100 1883 139 1954 ab
152 1901 284 1956 natura
306 1885 347 1955 in
367 1885 521 1956 cervicis
535 1885 662 1955 locum
687 1883 887 1956 substituta
906 1909 985 1957 esse
1008 1909 1089 1957 non

101 1998 343 2088 dubitaverat,
362 2027 406 2072 ex
420 2002 599 2098 periostio
610 1998 704 2072 facta
717 2025 816 2090 esse,
834 1999 942 2097 quod,
959 2025 979 2070 a
993 1999 1091 2072 frac-

100 2129 173 2188 tura
190 2118 415 2204 laceratum,
436 2117 490 2188 ihi
508 2142 586 2188 non
606 2142 691 2188 raro
708 2117 856 2204 durius,
878 2132 914 2188 et
932 2119 1090 2191 crassius

100 2230 170 2304 fieri
189 2236 306 2324 solet3
328 2261 371 2307 ac
396 2236 588 2332 ligamenti
615 2237 735 2307 vicem
762 2251 957 2334 praestare,
984 2236 1092 2332 eujus

100 2354 146 2422 rei
163 2353 377 2452 exemplum
395 2356 434 2423 in
450 2351 612 2424 fractura
629 2352 792 2450 quadam
810 2354 923 2441 ulna,
941 2369 977 2424 et
994 2353 1090 2424 radii

98 2469 161 2564 jam
171 2473 260 2542 olim
274 2474 313 2542 iu
327 2470 563 2542 eruditorum
577 2469 1089 2568 ActisLipsiensibus(d)pro·

101 2591 253 2685 positum
277 2587 407 2660 fuerat.
432 2587 504 2659 Sed
522 2604 647 2659 tamen
677 2587 751 2658 hoe
773 2588 902 2658 saltem
920 2587 1089 2660 attendas

100 2707 218 2797 velim,
234 2706 471 2804 Ruysehiana
494 2709 563 2778 ista
585 2707 786 2804 ligamenta
814 2731 892 2776 non
922 2705 968 2776 ad
987 2719 1089 2778 erte·

101 2825 205 2898 riores
219 2823 426 2896 fractorum
444 2824 584 2896 ossium
598 2824 773 2920 parietes,
791 2837 834 2894 ut
849 2823 1090 2919 periostium,

102 2939 158 3010 ubi
176 2957 245 3031 est,
263 2941 379 3030 solet,
404 2940 469 3013 sed
493 2940 540 3012 ad
562 2965 693 3012 eorum
708 2955 851 3036 partem
870 2940 1090 3010 interiorem

100 3059 322 3154 pertinuisse.
342 3057 398 3136 Ad
417 3057 648 3146 alteram‚'id
666 3073 722 3128 est
735 3057 948 3129 adnotatam
968 3055 1090 3128 ferr'u·

99 3179 330 3250 minationem
343 3179 435 3268 ,sive
444 3176 806 3273 conglutinationem
817 3173 923 3246 [raeti
936 3171 1089 3248 femoris

103 3317 177 3366 curn
204 3321 273 3367 suo
306 3295 447 3392 capite,
472 3293 578 3391 quod
613 3294 780 3390 alioquin
811 3295 1022 3390 sejunctum
1049 3294 1093 3364 in

102 3413 283 3487 acetabulo
303 3413 467 3519 inveniri
485 3411 596 3500 solet,
622 3411 875 3507 adjiciendum
902 3427 974 3499 est,
1002 3435 1089 3482 cum
