2858 4658
292 429 313 477 2
456 423 504 472 DE
530 420 676 472 Stultius
701 423 746 470 ET
770 422 895 474 CAUSIS
921 425 1131 478 nonnosum

289 543 380 632 Quae
397 536 540 610 idcirco
560 560 773 610 memorare
787 537 913 630 volui,
942 565 991 613 ue
1021 539 1118 616 forte
1136 545 1307 636 mireris,

287 659 350 730 vix
364 658 509 755 aliquas
525 649 720 754 superesse
738 655 868 747 nobis,
887 658 1032 730 nullam
1049 678 1222 760 repetere
1238 691 1310 740 vo-

285 775 470 864 lentibus,
490 797 585 872 quas
599 772 671 844 hac
689 774 856 872 Epistola
875 775 1093 854 scribamus.
1145 837 1146 842 ,
1173 867 1177 876 ἱ

337 921 368 966 2.
397 896 447 963 Ut
467 891 569 964 enim
601 889 649 961 ab
676 891 880 965 achoribus
906 919 977 967 nos
1003 920 1185 996 quoque,
1215 915 1252 973 et
1282 929 1309 976 a

284 1010 410 1085 scabie
421 1010 614 1108 capiamus
623 1009 775 1082 initium
790 1037 797 1080 :
818 1012 848 1082 si
861 1008 958 1086 forte
974 1017 1069 1090 scire
1080 1040 1186 1120 aves,
1204 1045 1308 1117 quae—

281 1153 370 1203 nam
389 1155 410 1202 a
426 1127 616 1218 Valsalva,
642 1143 707 1199 aut
724 1127 871 1202 anobis
887 1147 1038 1232 reperta
1057 1134 1132 1207 sint
1152 1137 1191 1207 in
1213 1161 1308 1210 cor-

280 1247 441 1348 poribus
456 1271 539 1345 quae
554 1245 614 1318 his
631 1241 780 1318 fuerant
795 1249 895 1320 vitiis
912 1247 1071 1342 infecta3
1089 1253 1129 1324 in
1148 1256 1307 1354 Episto-

280 1367 326 1439 Iis
342 1369 376 1438 X
388 1365 464 1464 (ι),
480 1367 565 1438 XVI
583 1363 655 1462 (2),
670 1365 867 1437 XXXVIII
881 1365 952 1465 (3),
965 1371 1049 1442 XLI
1063 1368 1117 1471 (4)
1128 1426 1137 1460 ,
1149 1373 1188 1446 in
1204 1373 1307 1450 aljis.

284 1511 357 1585 que
371 1483 479 1558 facile
494 1485 673 1556 invenies.
688 1484 780 1573 Quae
793 1483 987 1584 relegens,
1002 1488 1115 1564 velim
1131 1492 1307 1567 animad.

281 1620 424 1694 vertas,
452 1591 719 1679 iis'ulcuscutis
738 1615 804 1675 aut
820 1625 890 1701 per
909 1628 969 1692 se,
986 1620 1051 1678 aut
1071 1632 1141 1707 per
1159 1611 1307 1684 inunc-

280 1724 404 1796 tiones
425 1719 608 1820 quasdam
626 1720 791 1810 siccatis,
814 1718 998 1797 infantem
1015 1749 1061 1798 ex
1081 1729 1307 1803 convulsio·

280 1841 413 1930 nibus,
430 1841 616 1940 virginem
632 1863 677 1909 ex
688 1837 863 1938 hydrope
881 1840 1069 1936 thoracis,
1083 1860 1120 1919 et
1133 1848 1305 1946 pericar-

281 1959 350 2050 dii,
368 1958 567 2030 mulierem
586 1981 631 2028 ex
651 1973 760 2029 acuta
777 1955 905 2050 febre,
929 1975 966 2032 et
987 1966 1196 2063 tympanite
1212 2019 1222 2057 ,
1238 1967 1306 2064 ju.

278 2105 415 2152 venem
426 2104 471 2150 ex
480 2078 598 2148 urinae
614 2077 883 2174 suppressione
897 2080 1071 2178 periisse;
1086 2083 1220 2158 mortis
1237 2109 1307 2158 au·

188 2211 193 2216 '
277 2212 356 2274 tem
377 2221 529 2270 causam
547 2220 593 2267 ex
612 2195 831 2268 occlusione
850 2197 1141 2272 ulcusculorum
1160 2201 1305 2276 extitis-

279 2342 340 2406 se,
360 2343 441 2415 quae
462 2339 550 2388 cum
572 2317 781 2406 manantia,
808 2314 967 2388 morbos
984 2333 1180 2406 arcerent,
1211 2333 1302 2410 aut,

279 2437 387 2535 quod
414 2437 454 2506 in
478 2435 642 2524 infante,
662 2441 714 2507 ‘et
742 2434 902 2506 muliere
929 2432 1171 2510 manifestum
1192 2451 1303 2523 crat,

277 2558 389 2650 etiam
403 2553 601 2646 tollerent,
612 2555 765 2644 siccata,
784 2553 1019 2628 stimulantes
1033 2579 1116 2654 quae
1131 2579 1201 2654 per
1214 2556 1302 2656 ipsa

276 2690 389 2748 antea
398 2672 666 2771 ejiciebantur,
679 2673 901 2774 particulas,
914 2676 1151 2774 noxiumque
1162 2674 1303 2748 humo·

237 2851 247 2862 .
275 2818 357 2865 rem
386 2794 635 2896 insanguine
662 2789 913 2882 cohibebant,
942 2789 1106 2864 effusum
1138 2813 1228 2861 mox
1258 2791 1302 2863 in

277 2910 457 2985 omnibus
474 2909 592 2986 icrmc
611 2924 675 2982 aut
695 2911 795 2982 inter
816 2911 1033 3008 meninges,
1055 2908 1178 2979 autin
1203 2897 1300 2982 ven·

277 3045 397 3122 trem,
415 3046 480 3102 aut
502 3032 541 3102 in
559 3028 778 3114 thoracem,
798 3051 914 3126 quem
940 3024 1178 3098 subcoerulea
1197 3052 1300 3126 aqua

274 3151 433 3250 plenum
447 3151 486 3220 in
495 3149 639 3246 virgine
649 3144 895 3246 deprehendi.
905 3144 1175 3218 Incidesetiam
1185 3147 1298 3220 initio

277 3269 443 3368 epistolae
455 3263 669 3364 th11(5)‚
682 3268 722 3336 in
744 3279 912 3338 sutorem
929 3266 1040 3363 cujus
1054 3279 1134 3338 erat
1152 3287 1294 3368 corpus
