2824 4652
61 450 65 456 ·
79 447 156 493 nm.
168 446 201 491 v.
212 445 257 492 nn
266 439 506 493 annnnnrsnn
516 437 585 490 crs.
595 439 904 494 sornmonmmsr.
913 441 1008 489 nxrv.
1022 424 1091 516 497

82 559 208 660 dura,
222 557 359 658 gravis,
369 556 560 652 densaque
570 556 689 644 intus,
699 579 742 628 ac
752 553 860 627 firma
877 554 1100 644 substantia,

83 702 179 775 quae
194 675 321 748 colore
339 687 420 765 erat
433 697 513 766 non
524 671 646 744 solum
658 669 774 745 dilute
787 672 978 746 subrubro
992 678 1099 772 quasi

82 794 181 866 elixi
196 791 400 890 jecinoris,
419 789 569 888 qualem
591 790 630 859 in
648 789 873 886 pulmonum
893 789 1101 880 inflamma,-

84 908 265 984 tionibus
278 906 751 1006 saepiusconspexi,verum
763 909 874 978 etiam
886 906 1102 996 albescente

83 1048 137 1098 ex
158 1027 344 1111 immista,
369 1039 412 1098 ut
432 1020 539 1095 facile
564 1035 644 1095 erat
670 1024 877 1118 conjicere,
898 1023 1103 1122 purulenta

86 1143 273 1231 materia,
292 1165 411 1238 eaque
428 1140 536 1240 gelu,
556 1139 661 1237 quod
674 1165 743 1238 per
759 1165 822 1228 eos
836 1139 987 1240 vigebat
1000 1141 1100 1231 dies,

88 1271 287 1334 concreta]
328 1261 398 1330 Per
435 1277 574 1356 asperae
607 1271 731 1329 autem
766 1259 908 1329 arteriae
944 1258 1104 1350 dorsum

85 1377 277 1450 cellulosa
296 1374 516 1454 membrana
535 1376 587 1450 sic
606 1391 686 1448 erat
705 1399 728 1446 a
752 1377 916 1448 coercito
938 1375 1101 1450 humore

89 1495 279 1584 distenta,
295 1508 337 1566 ut
360 1491 545 1594 glandulae
562 1515 655 1592 quas
682 1492 721 1564 in
744 1491 811 1564 illo
827 1493 919 1588 oiim
940 1494 995 1594 (1)
1009 1495 1104 1568 deli-

89 1614 229 1702 neavi,
249 1609 425 1698 minime,
445 1624 509 1682 aut
529 1610 590 1680 vix
610 1625 845 1710 appare-rent.
954 1673 956 1678 .
1047 1645 1051 1650 ·
1093 1697 1096 1706 Ι

146 1730 181 1803 3.
203 1731 290 1802 Non
308 1751 424 1799 unam
440 1725 539 1798 hanc
552 1727 635 1828 'qnae
650 1725 703 1826 ¹ad
720 1725 883 1800 thoracis
892 1725 1106 1830 inflammas

89 1850 222 1920 tiones
237 1859 441 1944 spectaret,
469 1841 586 1916 habui
606 1844 869 1917 dissectionem
887 1868 932 1914 ex
952 1869 1030 1942 quo
1047 1859 1105 1936 tot

88 1965 179 2038 illas
204 1957 254 2035 ad‘
269 1979 305 2035 te
323 1963 407 2033 misi
427 1961 585 2059 epistola
603 1964 710 2032 XXI:
729 1961 827 2036 Alias
846 1961 948 2033 enim
974 1977 1105 2060 postea

39 2163 43 2172 ,
91 2081 294 2182 accepisti,
321 2080 401 2152 aliis
429 2078 563 2152 litteris
590 2077 651 2176 (2)
683 2078 905 2178 descriptas,
931 2077 1105 2152 ultimam

91 2199 306 2301 praesertim
317 2221 431 2296 quam
444 2219 529 2268 cum
541 2197 585 2268 iis
600 2198 841 2292 conjunxeris
858 2197 1013 2296 epistola
1022 2197 1104 2290 illa,

91 2331 133 2388 et
165 2314 481 2414 XXpropositis,
508 2315 548 2384 in
576 2313 715 2411 quibus
737 2314 868 2412 pleum
893 2313 1106 2412 inflamma-7

91 2435 205 2506 tione
235 2456 315 2504 non
343 2427 512 2520 carebat,
544 2432 717 2528 quamvis
743 2441 965 2530 aegrotantes
989 2457 1104 2508 sensu

93 2549 305 2648 pungentis
340 2544 483 2618 doloris
520 2549 735 2620 caruissent.
774 2549 885 2639 Quod
921 2551 990 2622 etsi
1025 2562 1105 2647 qua
1157 2533 1162 2542 ⁵

94 2666 247 2736 ratione
267 2662 436 2735 accidere
457 2665 666 2761 potuisset,
690 2687 776 2762 com
797 2665 880 2737 illas
899 2669 1106 2764 proposui,
1168 2681 1170 2684 ’

94 2767 289 2878 conjicere
303 2803 381 2857 non
399 2780 527 2867 omisi,
552 2793 678 2852 tamen
695 2803 784 2854 cum
796 2782 1031 2878 pleuramex
1044 2785 1103 2856 in*
1163 2815 1165 2820 ’
1208 2783 1210 2786 ’

93 2901 229 2998 stituto
258 2912 400 2969 naturae
425 2921 540 2972 sensu
561 2899 689 2992 defici,
721 2904 828 3002 quod
853 2931 967 2978 nemo
995 2905 1103 2980 facile

94 3031 191 3090 tunc
217 3015 432 3114 probasset,
462 3042 566 3092 nunc
598 3021 669 3092 viri
699 3025 1010 3120 experientissimi
1033 3025 1104 3098 do*

96 3149 224 3224 ceant,
247 3158 326 3205 non
348 3157 444 3232 aegre
459 3131 593 3228 feram,
621 3140 651 3211 si
673 3137 741 3212 ubi
757 3143 1013 3232 controversia
1033 3143 1104 3232 ista

95 3252 137 3322 in
157 3275 290 3324 eorum
313 3249 463 3325 tandem
487 3251 600 3328 fuerit
624 3256 848 3330 sententiam
862 3259 1105 3358 composita,

94 3368 268 3467 ipsorum
287 3369 454 3468 dogmati
481 3374 717 3470 conjecturas
744 3391 951 3476 postponas
978 3399 1102 3466 meas,
1149 3467 1151 3470 Ι

95 3485 210 3586 longe
227 3484 370 3565 facilius
390 3490 442 3560 sic
465 3490 665 3589 explicans
680 3507 761 3566 tum
783 3493 885 3582 illas,
916 3493 1105 3592 trimalias

97 3627 228 3676 earum
262 3605 399 3678 similes
431 3605 739 3696 observationes;
772 3610 813 3680 in
846 3611 985 3708 quibus
1015 3623 1104 3680 sunt

117 3780 1107 3810 .......-.............s.....................

137 3887 183 3968 (ι)
205 3891 283 3948 nde.
297 3888 326 3960 I,
342 3889 405 3946 tab.
422 3909 456 3962 2,
472 3889 523 3968 fig.
539 3911 565 3946 1.

136 3986 179 4066 (a)
200 3989 294 4069 Epist.
309 3989 362 4063 36,
378 3983 407 4046 n}
424 3989 479 4063 23,
494 3998 523 4048 et
535 3989 630 4076 Epist.
646 3989 702 4068 75,
715 4009 737 4050 n
765 3992 811 4050 16.

172 4113 207 4189 7.
301 4153 308 4162 .
909 4089 955 4162 32
