2746 4662
272 441 321 516 9²
439 441 486 490 rr
511 437 727 490 strumosus·
750 435 877 490 ctusrs
900 437 1112 490 norinorum

276 555 473 653 quomodo
495 553 713 624 trochanter
740 552 862 648 major
878 555 1003 628 *Pareo
1034 555 1108 652 ipsi
1129 552 1186 652 (r)
1215 577 1302 650 pro

278 670 433 744 femoris
466 671 585 768 capite
610 671 872 767 imposuisset„
906 670 984 744 haec
1007 671 1173 743 'minime
1197 671 1300 742 reti-

282 802 434 875 cerent,
459 809 530 857 nec
563 801 689 861 tamen
724 790 896 862 seniores¹
923 789 1010 860 iilos
1038 787 1240 886 chirurgos
1276 811 1301 858 a

281 903 522 1003 praejudicata
551 905 731 1000 opinione
757 904 1000 978 abducerent.
1032 909 1165 1002 Itaque
1196 905 1303 974 duo·

282 1019 355 1096 bus
370 1021 521 1092 circiter
532 1023 669 1093 exactis
689 1021 881 1094 mensibus
898 1047 984 1094 cum
1006 1022 1170 1096 thoracis
1191 1047 1304 1117 mor-

278 1135 353 1215 bus
367 1135 560 1210 homiuem
580 1139 646 1235 qui
666 1164 687 1210 e
714 1139 852 1212 lectulo
883 1139 1047 1212 necdum
1063 1154 1304 1227 surrexerat,

284 1255 548 1350 corripuisset,
564 1269 601 1325 et
620 1256 795 1328 catarrho
811 1257 918 1352 quasi
936 1254 1143 1330 suffocante
1164 1253 1307 1358 confe-

285 1371 487 1445 cissetante
499 1369 615 1449 finem
630 1373 721 1449 anni
735 1397 840 1470 1727,
852 1397 920 1472 per
936 1373 1200 1447 dissectionem
1212 1399 1308 1472 cog·

285 1511 443 1562 noscere
458 1488 682 1577 voluerunt,
703 1491 795 1588 ipsi,
816 1516 864 1561 an
888 1489 1058 1589 chirurgi
1076 1491 1228 1588 decepti
1246 1514 1308 1564 es·

284 1620 380 1696 sent.
411 1609 578 1680 Femoris
609 1632 763 1694 summo
779 1632 886 1696 osse,
912 1609 1070 1706 ejusque
1098 1607 1307 1682 acetabulo

279 1724 655 1812 ‚retectis,omnibus
668 1727 734 1822 qui
753 1725 928 1814 aderant,
949 1741 1142 1798 anatomes
1162 1741 1199 1798 et
1216 1724 1306 1798 ehi·

283 1843 424 1939 rurgiae
441 1841 617 1915 studiosis
639 1831 888 1916 ostenderunt
909 1842 1134 1942 perfractam
1161 1845 1202 1916 in
1220 1867 1307 1914 me·

286 1959 354 2056 dio
368 1957 483 2050 fuisse
505 1962 715 2048 cervicem,
740 1961 897 2032 dimidio
909 1961 1027 2056 ,hujus
1039 1962 1161 2038 altero
1179 1959 1229 2032 ad
1245 1985 1309 2032 ca-

288 2092 378 2178 put,
405 2077 508 2174 quod
527 2077 724 2150 acetabulo
748 2077 959 2151 inhaerebat
983 2077 1162 2165 firmiter,
1180 2077 1308 2150 altero

286 2195 338 2274 ‚ad
359 2219 402 2266 os
424 2193 579 2277 ,femoris
599 2219 719 2294 prope
739 2195 1017 2270 trochanterem
1031 2249 1053 2283 „
1074 2195 1198 2291 quiin
1217 2198 1310 2272 vivo

284 2309 455 2400 ,homine
473 2309 602 2382 fucum
629 2309 786 2399 fecerat,
822 2312 1044 2408 adhaerente.
1078 2316 1148 2390 Ex,
1166 2310 1308 2385 eodem

290 2446 416 2523 autem
432 2455 611 2528 corpore,
621 2430 929 2529 quodictericurn,
938 2449 1151 2527 nequaqam
1162 2426 1307 2519 iuerat,

291 2563 387 2646 quot
399 2547 605 2645 qualesque
620 2548 805 2636 calculos,
824 2550 864 2636 iu
883 2546 1310 2634 fellisvesiculajnven·

292 2683 371 2752 tos,
387 2665 434 2736 ad
457 2691 517 2736 me
544 2666 756 2754 attulerint,
786 2681 823 2736 et
842 2691 923 2762 quae
941 2657 1075 2762 egode
1093 2665 1309 2761 usurpem·

292 2799 420 2878 menta
442 2785 628 2881 ceperim,
658 2807 742 2872 cum
766 2781 823 2874 id:
843 2780 1115 2872 Schroeckium
1135 2783 1310 2880 'scripse-

288 2902 383 2992 ‚rim,
404 2916 440 2972 et
456 2903 545 2999 ipso,
561 2900 721 2972 ediderit
757 2897 813 2996 (a)
829 2923 919 2988 ,uon
939 2913 1009 2986 ,est
1026 2899 1101 2972 hoe
1121 2898 1216 2983 ,loco
1245 2925 1309 2972 rc·

287 3017 514 3118 petendum.
560 3062 563 3066 Δ
660 3071 664 3084 .
875 3097 901 3106 Ι,
926 3093 943 3104 „
1228 3083 1230 3087 ,

352 3161 406 3207 10.
427 3137 578 3219 Femina
604 3157 725 3226 annos
761 3121 859 3222 nuta¹
875 3133 1024 3225 circiter
1036 3133 1309 3231 quadraginta,

295 3253 464 3352 pinguis,
485 3277 505 3322 a
522 3251 680 3324 sinistris
701 3249 852 3337 clauda,
874 3251 1129 3349 dorsonuper
1143 3251 1190 3322 ad
1211 3253 1309 3334 imas

289 3387 420 3452 ,costas
447 3370 693 3442 vehementer
722 3382 909 3456 contuso,
937 3368 1235 3466 febricorrepta
1272 3381 1309 3440 et

297 3489 395 3562 intra
405 3484 711 3584 diesquindecim
727 3485 925 3584 absumpta
942 3484 1074 3579 fuerat,
1085 3511 1185 3558 amm
1201 3471 1307 3582 1742.

299 3611 385 3699 Quo
409 3620 580 3702 tempore
599 3627 684 3674 cum
703 3618 904 3694 anatomen
920 3607 960 3678 in
980 3604 1308 3701 gymnasiodoce·

340 3885 382 3970 (ι)
406 3891 517 3964 Supra,
532 3908 563 3944 n.
584 3908 610 3944 a.

340 3989 385 4068 (a)
405 3991 470 4046 Aet.
487 3991 525 4050 N.
541 3990 574 4047 C.
587 3999 660 4049 tom.
675 4006 709 4062 a,
725 3989 791 4046 obs.
809 3985 875 4062 167.
