2782 4652
297 433 375 518 444
407 485 410 492 .
462 451 510 501 or,
534 450 680 519 seorsus
705 453 749 500 nr
773 453 898 502 ceusrs
923 452 1132 514 uonsoncu

297 667 527 690 mmm
531 669 763 690 mmmmm
1183 669 1277 692 ww
1356 663 1357 690 ἶ

247 895 249 900 .
354 827 589 903 EPISTOLA
613 827 1113 938 seuuemo-urentes
1137 830 1236 907 LXII.

326 1045 479 1140 Spectat
495 1039 551 1156 ed
564 1039 815 1141 Epilepsiam,
835 1043 1135 1132 convulsionem,
1151 1047 1260 1114 Para·

747 1159 862 1252 lyrein.

299 1325 369 1462 N
369 1417 452 1464 unc
479 1419 561 1490 quae
579 1411 780 1494 supersunt
800 1397 927 1494 accipe
943 1393 989 1466 de
1008 1396 1055 1467 iis
1073 1419 1158 1494 quae
1179 1394 1223 1466 ad
1240 1419 1285 1465 re·

301 1508 405 1605 liqua
422 1510 491 1580 tria
509 1512 633 1608 gravia
647 1511 811 1600 cerebri,
834 1527 870 1583 et
884 1521 1088 1583 nervorum
1110 1511 1205 1583 mala
1218 1535 1285 1608 per·

301 1627 447 1716 tinent,
464 1629 715 1728 Epilepsiam,
744 1628 1063 1716 convulsionem,
1084 1629 1282 1725 Paralysin.

301 1749 348 1846 Et
364 1743 411 1816 de
434 1745 611 1844 epilepsia
633 1745 784 1843 quidem
813 1745 958 1818 nullam
986 1745 1168 1818 haberem
1192 1767 1286 1842 quam

301 1857 366 1933 hic
393 1859 588 1950 adderem,
616 1859 938 1950 observationem,
967 1863 1039 1936 nisi
1072 1887 1156 1934 eum
1186 1861 1286 1960 pen're

230 2023 233 2030 .
300 1978 442 2052 nollem
464 2005 547 2078 quae
564 2003 711 2052 mecum
728 1981 893 2052 Venetiis
911 1981 1010 2052 circa
1026 2005 1171 2052 aunum
1196 1975 1285 2076 1708,

302 2099 580 2170 communicata
598 2113 654 2170 est
670 2121 691 2168 a
705 2099 898 2196 spectatis,
911 2113 948 2169 et
964 2097 1031 2170 tibi
1046 2097 1138 2171 alias
1151 2095 1286 2168 laudatis
1360 2129 1361 2166 1

300 2217 429 2288 amicis
445 2215 595 2288 duobus
605 2213 818 2286 Alexandro
832 2217 960 2303 Bonis,
976 2215 1287 2288 etloannelliero·

302 2355 418 2430 nymo
431 2331 676 2415 ,Zauichellio

318 2495 321 2522 :
352 2475 385 2520 α.
406 2448 633 2522 Adolescens
647 2473 767 2522 annos
782 2466 893 2524 natus
913 2445 1286 2548 duodeviginti‚nulla
1361 2545 1362 2564 χ

303 2565 440 2664 previa
455 2563 649 2640 manifesta
670 2589 798 2651 causa,
820 2565 923 2638 febre
947 2566 1216 2674 prehenditur,
1232 2583 1287 2634 nec

304 2675 479 2755 de'ullius
493 2685 625 2781 partis,
646 2685 718 2756 nisi
738 2685 871 2782 capitis
890 2684 1042 2774 dolore,
1062 2683 1287 2777 molestiaque

304 2802 561 2898 conqueritur.
592 2801 787 2874 Accedunt
816 2801 1007 2901 epileptici
1032 2801 1217 2888 insultus,
1236 2792 1288 2893 qui
1361 2789 1362 2824 ³

301 2933 464 2990 mortem
480 2916 642 2991 afferunt
659 2920 756 2990 intra
770 2919 903 2998 horam
917 2943 937 2991 a
953 2917 1069 2992 lebris
1088 2920 1197 2990 initio
1208 2913 1288 3009 vige·

302 3035 434 3106 simam
466 3051 649 3134 quartam.
672 3037 810 3108 Granio
846 3052 999 3136 aperto,
1022 3035 1120 3107 nihil
1151 3049 1286 3131 usquam

302 3152 383 3222 vitii
401 3168 592 3250 repertum
612 3170 686 3241 est,
725 3156 755 3226 si
774 3155 974 3226 mucosum
995 3155 1159 3259 excipi·¹
1184 3159 1286 3224 serum

304 3266 409 3366 quod
420 3277 533 3367 super
545 3273 772 3342 anteriorem
788 3271 933 3344 cerebri
941 3287 1086 3371 partem
1099 3272 1196 3343 inter
1208 3261 1287 3338 crasss

305 3409 382 3458 sam
421 3401 651 3485 tenuemque
689 3391 906 3488 meningem
952 3403 1205 3487 congestum,
1235 3380 1287 3452 has

302 3503 464 3576 multum
498 3504 710 3594 diduxerat,
736 3507 910 3605 illudque
942 3517 1221 3606 compresserat.
1254 3499 1287 3567 El

302 3623 536 3694 ventriculus
569 3621 723 3720 quidem
756 3625 934 3723 apparuit
966 3616 1230 3704 inflammatus,
1259 3625 1286 3684 el

303 3735 578 3812 lumbricorum
608 3741 782 3813 teretium
817 3742 1075 3840 glomeramen
1110 3740 1150 3811 in
1181 3731 1288 3838 primis

306 3856 493 3930 intestinis
511 3873 747 3955 compertum
768 3873 833 3932 est.
851 3857 924 3932 Sed
939 3858 1089 3931 nullum
1105 3878 1224 3932 rerum
1240 3849 1287 3919 ht·

305 3995 388 4041 rum
402 3973 581 4045 indicium
595 3971 725 4048 fuerat.
