2836 4648
232 403 236 408 ¹
327 415 401 494 636
485 443 532 492 na
557 435 704 496 sumnus
728 433 774 490 rr
794 430 923 520 'causis
947 432 1157 488 nonnosum

325 571 452 630 exacta
483 553 587 627 hore
617 553 722 654 'parte
749 553 795 626 ad
824 552 982 628 fundum
1010 555 1201 627 descendit
1224 553 1293 626 iilud

324 674 549 761 maximum,
570 671 674 772 quod
694 673 914 772 paulopost
933 687 1064 745 catera
1089 688 1176 746 sunt
1194 695 1294 743 consc-

325 804 420 862 outa.
442 790 659 862 Extractum
678 813 818 890 porro,
844 804 882 862 et
906 791 1029 864 statim
1051 813 1159 888 aquae
1178 790 1296 886 imposi-

324 920 431 995 tum,
455 905 578 980 statim
594 899 784 980 subsedit.
802 908 930 980 Unum
951 921 1064 995 vero,
1093 921 1159 979 aut
1173 906 1297 978 alterum

327 1045 373 1098 ex
391 1024 436 1095 iis
449 1049 532 1124 quae
548 1019 654 1122 aquae
672 1047 752 1098 non
770 1025 1019 1114 immiseram,
1035 1049 1126 1098 cum
1139 1021 1299 1094 flammula

328 1141 598 1230 admovissem,
613 1140 802 1219 flammam
811 1138 1299 1242 quidem³conceperunt3ud

328 1279 408 1331 non
419 1259 667 1350 retinuerunt,
679 1283 752 1332 nec
764 1259 907 1358 liquata
918 1274 1018 1350 sunt,
1032 1275 1071 1332 et
1081 1257 1186 1358 quod
1200 1257 1300 1356 pluma

330 1374 763 1464 combustae,·oluerunt.
785 1375 857 1449 Sed
880 1376 951 1448 alia
979 1377 1132 1475 accipe,
1157 1376 1194 1446 in
1213 1373 1301 1446 altero

328 1493 458 1564 orario
470 1547 479 1582 ,
491 1493 538 1562 ‘in
563 1492 685 1580 tubis,
704 1509 893 1591 uteroque
910 1510 1140 1593 conspecta,
1179 1517 1249 1590 qua
1262 1513 1302 1587 pa·

325 1612 419 1682 riter
430 1609 476 1680 ad
496 1632 612 1683 noxas
622 1611 760 1684 similes
772 1611 974 1710 adjungas,
988 1611 1182 1710 quasalias
1194 1607 1300 1705 scripsi.
1362 1695 1363 1718 Χ

328 1728 513 1826 Ovarium
531 1729 731 1800 maximam
755 1728 974 1827 juglandem
993 1751 1134 1800 nucem
1151 1723 1302 1823 aequabat‚

329 1839 546 1943 factumque
568 1859 647 1917 erat
669 1845 717 1918 ex¹
740 1845 834 1920 albis
859 1846 1065 1943 crassisque
1089 1841 1300 1976 membres,

332 1985 469 2060 aquam
496 1961 834 2060 intercipientibus.
850 1960 1041 2034 Tubarum
1065 1977 1223 2059 utraque
1243 1969 1301 2029 cum

329 2077 541 2177 ligamentis
554 2067 753 2152 uteri'latis
775 2082 829 2152 sic
850 2095 929 2151 erat
950 2077 1128 2168 confusa,
1154 2093 1194 2150 ut
1214 2077 1300 2170 majus

328 2199 479 2275 illarum
496 2177 705 2274 extremum
731 2221 808 2273 non
829 2217 1036 2302 appareret.
1061 2201 1170 2277 U'teri
1194 2195 1298 2270 fundus

328 2315 495 2392 habebat
519 2320 627 2392 intus
657 2319 705 2392 ab
724 2321 848 2394 altero·
868 2319 983 2394 latere
1010 2319 1140 2413 duas,
1157 2333 1248 2390 treve
1263 2337 1301 2383 er·

328 2437 569 2526 crescentiam
583 2434 630 2507 ab
642 2436 881 2514 alterounius
893 2436 1073 2510 duntaxat
1092 2435 1300 2509 inchoamen-

328 2567 422 2623 tum.
441 2557 488 2626 Et
505 2575 638 2626 omnes
658 2554 813 2652 quidem
833 2554 1057 2628 constabant
1075 2577 1123 2626 er
1142 2552 1219 2626 alba
1237 2545 1299 2621 sub·

293 2693 296 2698 ·
328 2672 484 2761 stantia,
499 2669 565 2744 sed
576 2669 657 2742 haec
674 2673 713 2743 in
729 2695 860 2744 earum
874 2673 1036 2750 maxima
1052 2696 1099 2744 ex
1114 2671 1204 2744 albis
1215 2665 1299 2738 fiebat

327 2785 581 2877 membranis,
595 2787 748 2899 celluips
764 2813 869 2889 aqnae
884 2789 1014 2888 plenas
1031 2783 1295 2862 continentibus.

328 2903 461 3000 Figura
492 2905 616 3004 ipsius
635 2921 714 2978 erat
734 2907 851 2980 ovalis
870 2905 1079 2980 secundum
1101 2905 1198 2978 uteri
1214 2896 1300 2994 tongi·

325 3020 497 3094 tudinem
516 3025 655 3122 posita,
674 3025 784 3120 cujus
802 3025 941 3098 intimae
959 3025 1094 3097 tunicae
1122 3047 1188 3123 per
1203 3018 1295 3090 latius·

325 3137 474 3227 culum,
496 3140 562 3212 sed
581 3141 701 3212 multo
726 3165 840 3239 quam
858 3142 958 3240 ipsa,
991 3143 1237 3244 angustiorem
1254 3153 1295 3230 pt

324 3254 533 3328 dunculum
552 3256 843 3332 continuabatur
860 3261 900 3332 in
925 3257 1020 3333 facie
1044 3259 1146 3332 illius
1164 3254 1235 3327 cavi
1251 3271 1295 3319 an-

226 3365 231 3376 ’
321 3374 471 3448 teriore.
500 3377 544 3445 In
576 3390 783 3472 quaerant
811 3391 850 3447 et
885 3375 968 3448 duae
995 3375 1177 3474 reliqua,
1198 3366 1291 3444 eidem

320 3491 456 3563 tunicae
467 3489 796 3585 continuatae,non
815 3486 1291 3593 perpedunculumquidcu,

251 3699 254 3710 Ι
321 3607 387 3682 sed
404 3609 473 3708 per
488 3621 604 3682 totam
617 3607 755 3698 basim,
775 3609 979 3708 depressa,
996 3605 1069 3684 'nec
1088 3631 1214 3710 aquam
1229 3623 1292 3672 con-

289 3787 293 3795 ,
320 3725 496 3798 tinentes.
522 3730 565 3798 In
588 3725 762 3812 thorace,
782 3741 819 3798 et
839 3727 969 3816 collo,
1003 3749 1094 3799 nam
1116 3735 1218 3823 caput
1232 3737 1288 3787 uon

320 3843 529 3939 attigimus,
553 3841 631 3914 duo
648 3867 730 3940 quae
750 3841 797 3915 ad
814 3868 900 3916 vasa
921 3846 1133 3943 pertinent,
1159 3829 1290 3912 animad-

313 3959 508 4060 vertimus.
518 3963 653 4061 Magna
668 3963 765 4033 intra
786 3959 893 4036 illum
916 3963 1053 4037 arteria
1069 3958 1214 4036 maculis
1230 3959 1287 4023 erat
