2836 4648
325 399 398 492 stt
488 422 535 480 or
560 411 706 472 sumnus
729 423 774 472 nr
798 421 923 474 causis
947 417 1152 478 uoaaoa'nu

323 537 454 614 similis
476 561 559 636 quae
577 537 617 608 in
638 535 824 636 glandulis
843 537 932 610 colli
949 525 1132 614 induratis
1153 541 1285 639 ejusden

321 655 487 730 bominis
504 653 752 754 spectabatur.
785 651 843 726 Ad
862 656 1072 729 secundum
1091 673 1178 730 vero
1198 685 1286 758 genus

322 787 480 872 propter
492 795 573 844 eam
594 793 708 870 quam
729 775 778 842 Μ.
800 773 971 848 Aurelius
987 777 1185 850 severinus
1204 777 1287 850 simul

320 887 1096 991 profert,Aetii,imoLeonidaesententiam
1110 947 1120 980 ,
1133 909 1286 991 spectasse

321 1006 546 1082 crediderim
566 1004 763 1104 glandulas
775 1029 869 1102 quas
879 1009 1076 1081 Severinus
1093 1008 1172 1107 ipse
1188 1008 1236 1106 (sl
1254 1011 1289 1080 ri·

320 1123 376 1198 dit
403 1122 688 1200 tuberculorum
710 1123 828 1194 instar
855 1124 896 1194 in
927 1124 1115 1214 artubus,
1149 1141 1289 1226 pectore,

319 1241 454 1328 dorso,
473 1239 543 1314 sub
563 1240 631 1311 alis
644 1255 682 1314 et
699 1239 746 1311 ad
760 1241 913 1338 inguina
929 1257 1141 1333 exstantes,
1161 1267 1289 1342 quarum

318 1360 404 1459 plus
421 1357 609 1455 sexaginta
632 1381 701 1454 per
728 1359 828 1430 senis
844 1359 1062 1431 universum
1083 1386 1216 1461 corpus
1242 1361 1291 1434 dis

317 1499 445 1576 persas
461 1472 511 1546 ob
524 1471 565 1546 id
583 1475 742 1551 maxime
766 1475 1040 1565 admirabatur,
1062 1479 1168 1578 quod
1191 1477 1291 1551 tuber·

318 1592 404 1664 cula
424 1591 701 1696 quamplurima
729 1597 828 1664 circa
855 1592 940 1664 loca
964 1595 1290 1694 conspiciebantur,

318 1735 405 1809 quae
415 1707 684 1807 glandularum
702 1724 790 1781 sunt
797 1733 960 1808 prorsus
978 1719 1176 1811 expertia:
1193 1717 1291 1810 itaque

318 1832 424 1900 venit
434 1819 652 1916 tumentem,
666 1826 1029 1924 inquit,illudAEtii,
1040 1837 1110 1928 qui
1122 1831 1290 1916 Tetrobl,

317 1969 401 2044 cap.
424 1941 494 2016 5...
504 1945 757 2041 profissusest
770 1969 820 2014 ex
829 1949 970 2041 integro
980 1953 1088 2018 nasci
1096 1947 1292 2048 plerumque

315 2060 519 2149 candidas,
533 2074 572 2131 et
586 2059 721 2157 rubras
731 2046 955 2132 'carunculas
964 2067 1002 2132 in
1018 2088 1186 2163 corpore.
1203 2063 1290 2136 Olaus

316 2195 442 2253 autem
475 2177 690 2250 Borrichius
717 2176 772 2276 (a)
796 2202 883 2250 cum
898 2179 954 2264 ¹in,
981 2181 1127 2256 icterici
1153 2182 1290 2255 dissectis

197 2393 198 2400 ἵ
317 2295 492 2370 cruribus
507 2296 546 2366 in
561 2293 958 2394 glandulasincidisset
976 2297 1051 2371 sub
1062 2316 1151 2373 cute
1164 2301 1290 2375 latentes
1371 2391 1372 2400 ἵ

317 2417 505 2512 infinitas,
529 2437 608 2484 non
625 2411 673 2484 ab
689 2414 837 2510 integro
860 2429 960 2487 ortas
983 2416 1223 2514 opinabatur,
1243 2411 1291 2487 sed
1371 2419 1372 2432 *

315 2539 355 2609 in
371 2556 465 2604 sano
475 2555 632 2630 corpore
647 2555 724 2602 esse
733 2531 830 2602 adeo
843 2536 1022 2620 minutas,
1042 2549 1086 2606 ut
1095 2541 1292 2633 vasumpcne

315 2650 517 2746 effugiant,
532 2652 570 2717 in
584 2647 760 2742 morboso
781 2655 1057 2747 conspectiores.
1077 2657 1154 2726 Has
1165 2671 1291 2750 quoque

314 2767 363 2839 ad
377 2765 584 2840 secundum
598 2789 717 2863 genus
730 2763 861 2839 referri
875 2789 1002 2865 posse,
1019 2769 1081 2852 vix
1108 2769 1244 2842 dubito.
1259 2769 1292 2836 lt

315 2909 408 2982 quas
425 2884 655 2954 Whartonus
674 2881 935 2956 observatione
962 2886 1104 2983 pariter
1122 2887 1161 2958 in
1185 2880 1291 2982 Sepul-

315 3001 447 3074 chreto
469 3023 622 3100 quoque
640 2999 693 3096 (3)
712 2999 890 3098 legenda,
910 3002 951 3072 in
976 3001 1103 3074 militis
1135 2996 1289 3083 brachiis,

316 3107 573 3191 et'femoribus
589 3118 807 3214 conspexit,
842 3115 976 3190 eodem
996 3117 1210 3192 referendas
1230 3133 1289 3190 esse

314 3261 385 3338 pro
405 3247 508 3336 certo
529 3234 618 3306 scio.
642 3239 737 3306 Cum
756 3237 859 3306 euim
884 3226 1018 3308 omnes
1038 3235 1108 3309 sub
1133 3253 1214 3310 cute
1230 3256 1289 3306 no·

316 3351 429 3441 biles,
446 3367 500 3441 et,
514 3350 574 3422 vel
590 3351 837 3450 pressiusctrle
857 3367 1111 3444 contrectatae,
1125 3366 1241 3428 essent
1252 3349 1290 3418 in·

314 3472 509 3557 dolentes,
542 3492 613 3541 nec
643 3467 880 3540 validissimis
911 3467 1087 3542 remediis
1118 3469 1288 3550 cedentes

303 3641 1291 3674 W

351 3776 395 3856 (r)
416 3779 461 3834 De
475 3775 596 3833 recond.
609 3773 735 3831 abscess.
752 3783 813 3828 nat.
826 3773 847 3830 l.
861 3779 938 3845 Μ.
953 3770 981 3830 5.

353 3874 397 3952 la)
419 3876 552 3950 Sepulcr.
569 3893 592 3931 s.
607 3893 640 3945 a,
656 3873 705 3930 cit.
720 3872 784 3928 obs.
805 3889 850 3944 17,
870 3875 885 3942 S
904 3887 932 3930 a.

351 3970 395 4052 Ι(3)
415 3972 493 4030 lbid.
507 3974 572 4052 obs.
588 3971 623 4030 15
635 4013 645 4046 ,
658 3973 690 4029 in
702 3971 830 4049 append.
841 3971 880 4030 ad
894 3975 909 4044 S
924 3988 952 4030 a.
1020 3981 1023 3992 '
