2746 4662
295 406 345 490 90
455 418 503 466 ns
528 414 675 466 saumas
699 414 745 462 ar
768 410 894 462 causas
918 409 1130 461 nonnosum

296 527 390 602 dixit
411 528 608 627 quomodo
625 542 713 627 post
734 525 1070 601 inflammationem
1093 525 1236 598 humor
1250 523 1309 596 ibi
1369 553 1370 580 ;

296 645 453 744 quidam
474 644 593 718 lentus
616 670 663 717 oc
689 669 860 718 mucosus
884 644 1141 744 relinquatur3
1164 642 1223 730 id,
1248 644 1310 713 in·

297 767 400 860 quit,
425 762 481 834 ad
501 769 705 836 motionem
729 769 847 862 copiti
862 766 1026 856 semoris
1051 756 1310 834 commodissi-

297 906 399 952 mum
427 895 503 978 est.¹
518 884 574 954 Ob
591 883 692 954 banc
714 889 811 954 enim
826 881 1089 954 humiditatem
1108 903 1217 950 mora
1235 875 1311 949 illo

297 1013 480 1095 tanquam
499 999 658 1072 articulo
674 1014 837 1071 utuntur.
864 998 964 1092 Quid
983 999 1098 1097 igitur
1114 999 1153 1068 in
1173 1021 1215 1068 re
1231 996 1311 1067 hac

297 1129 442 1188 veteres
461 1117 516 1188 illi
531 1119 781 1214 conjicerent,
803 1133 840 1190 et
865 1116 959 1216 quid
985 1117 1140 1214 insuper
1159 1105 1308 1186 morbi·

296 1231 433 1305 dorum
459 1233 684 1320 cadaverum
708 1234 953 1308 dissectiones
974 1232 1231 1320 ostenderint,
1261 1255 1310 1303 ex

294 1375 428 1422 eorum
439 1354 720 1450 comparatione
736 1351 910 1449 praeclare
925 1351 1114 1449 intelligis.»
1130 1355 1216 1421 Haec
1237 1375 1309 1422 au·

296 1482 373 1540 tem
405 1469 532 1540 omnia
561 1473 601 1540 in
623 1471 706 1568 ipso
727 1470 898 1568 epistolae
919 1467 1034 1564 hujus
1056 1468 1165 1538 initio
1188 1466 1308 1565 longa

297 1586 467 1658 oratione
485 1583 660 1684 prefatus
680 1611 782 1673 sum,
805 1601 847 1658 ut
874 1586 1004 1684 paucis
1028 1581 1195 1656 dilucide
1214 1607 1309 1681 pos·

287 1703 366 1796 ¹sim
386 1727 464 1799 quo
489 1703 642 1800 singula
658 1705 860 1792 attineant,
881 1719 918 1776 et
949 1725 1043 1801 quas
1075 1698 1308 1774 confirment

295 1843 385 1892 mox
404 1821 657 1919 producendae
677 1823 978 1909 observationes,
996 1817 1219 1918 significare.
1239 1823 1308 1890 Ea·

295 1961 383 2012 nun
401 1940 522 2036 prima
533 1965 578 2012 en
594 1941 764 2014 Valsalva
779 1956 844 2014 est.

217 2110 220 2116 .
294 2105 300 2113 -
348 2084 380 2154 7.
402 2057 553 2128 Mulieri
570 2059 760 2156 sexaginta
781 2077 990 2146 annorum,
1019 2053 1165 2128 difficili
1181 2056 1308 2152 respi-

297 2175 444 2248 ratione
480 2199 567 2246 cum
604 2179 697 2248 tussi
711 2176 917 2263 laboranti,
958 2197 1047 2246 casu
1073 2195 1116 2246 os
1147 2170 1308 2245 femoris

292 2293 462 2364 laxatur.
477 2297 583 2366 Tune
600 2293 750 2366 assidua
768 2288 1042 2366 accedsitssfebris
1064 2319 1072 2362 :
1095 2315 1308 2389 quaefauc·

296 2425 334 2482 tn
372 2411 540 2509 spirandi
579 2409 828 2498 difficultate,
865 2411 1074 2504 mulierem,
1092 2409 1305 2503 undecimo

293 2527 355 2600 die
375 2531 566 2602 interimit.
586 2534 727 2602 ventre
750 2527 953 2629 patefacto,
976 2528 1086 2624 jecur
1102 2527 1308 2600 *invenitur

295 2646 454 2737 durum,
473 2649 511 2718 in
529 2649 687 2746 ejusque
703 2648 866 2721 vesicula
891 2648 1020 2746 plures
1037 2645 1181 2718 calculi.
1203 2646 1307 2718 Tho·

293 2790 379 2838 race
397 2767 569 2854 recluso,
586 2765 788 2864 pulmones
804 2777 1062 2864 apparuerunt
1079 2765 1226 2862 magnis
1245 2789 1306 2836 ex-

294 2899 371 2972 tra,
387 2891 565 2981 intusque
582 2867 699 2981 nigris
717 2883 875 2956 maculis
887 2883 1075 2980 variegati.
1113 2887 1143 2954 A
1160 2882 1307 2962 dextris

291 3025 371 3074 una
396 3002 546 3073 circiter
571 3023 678 3098 aquae
705 3001 823 3090 libra3
859 3025 880 3072 a
913 3001 1072 3073 sinistris
1090 2999 1304 3097 pauxillum

258 3103 261 3110 ’
293 3118 439 3192 thoraci
452 3118 582 3189 iuerat.
597 3119 803 3192 ‘concretio
820 3118 1003 3218 polyposa
1017 3117 1207 3192 dilatatam
1221 3141 1307 3190 con

292 3236 351 3308 dis
369 3234 573 3308 auriculam
600 3235 791 3352 dexteram
815 3235 1017 3338 implebat:
1050 3235 1164 3306 altera
1188 3236 1231 3306 in
1255 3235 1303 3308 si*

290 3356 415 3427 nistro
433 3368 512 3425 erat
530 3355 761 3442 ventriculo,
775 3355 940 3453 indeque
955 3377 993 3426 se
1006 3351 1246 3452 producebat
1263 3354 1303 3424 in

291 3496 390 3544 vasa.
416 3471 582 3548 Tandem
613 3473 719 3571 quod
739 3474 786 3545 ad
812 3471 936 3546 femur
956 3469 1153 3558 attinebat,
1170 3490 1304 3543 revera

292 3593 461 3666 luxatum
480 3591 676 3664 inventum
696 3605 779 3681 est,
806 3591 929 3662 laxato
952 3589 1125 3661 videlicet
1144 3611 1190 3659 eo
1209 3587 1303 3688 liga-

293 3725 425 3784 mento
443 3732 522 3805 quo
541 3707 695 3786 femoris
713 3723 826 3808 caput
844 3709 943 3781 intra
961 3708 1189 3780 innominati
1208 3709 1306 3782 ossis

185 3912 187 3917 ¹
291 3828 531 3903 acetabulum
553 3826 736 3923 alligatur.

343 3947 377 4017 8.
400 3947 491 4036 Quae
505 3943 735 4018 luxationem
754 3957 1019 4043 precesserant
1035 3938 1204 4043 ⁸difficilis
1224 3963 1302 4014 res·
