2732 4654
127 452 194 498 mu.
211 449 260 496 1v.
277 452 325 498 uu
341 409 476 498 nonnis
487 449 662 496 curenno.
674 439 760 516 ,etc
779 450 890 498 urtsr.
903 452 975 498 th.
1003 427 1073 525 357

82 589 193 663 quem
222 565 437 637 immissum
461 585 650 641 venenum
683 577 758 652 est,
778 577 967 657 tumorem
992 591 1085 637 cou-

81 682 210 773 trahat,
221 699 261 756 et
272 679 741 757 livoremTameu-exstant
750 683 955 754 certissima
967 707 1085 754 exem-

82 802 139 898 pla
167 827 252 900 quae
274 801 496 898 ostendant,
514 799 573 870 vel
600 799 789 896 quinque,
808 816 873 870 aut
894 825 957 872 sex
978 801 1085 876 horis

81 921 303 1016 interjectis,
323 919 530 1016 quidquam
548 917 701 1004 livoris,
728 933 792 988 aut
806 919 964 992 tumoris
982 921 1022 992 in
1035 945 1083 1016 eo

81 1036 162 1110 luco
187 1061 268 1108 non
290 1037 529 1134 apparuisse,
550 1035 651 1105 utin
672 1033 859 1108 columbis
876 1061 972 1133 quos
993 1035 1096 1110 afri·-

83 1157 163 1226 caui
176 1157 320 1252 scorpii
332 1152 469 1226 ictibus
479 1151 617 1226 occidit
634 1151 774 1223 Redins
789 1151 859 1250 (1)
877 1153 949 1224 Sed
960 1155 1084 1252 neque
1127 1171 1129 1178 “

82 1274 119 1341 in
145 1295 237 1342 caue
266 1259 699 1370 quemnMouspeliensi's
725 1272 953 1346 sauciaverat
981 1295 1085 1368 scor-

82 1389 178 1486 pius,
199 1391 336 1486 quinta
355 1387 490 1463 exinde
504 1387 600 1461 hora
614 1403 783 1475 mortu0,
800 1391 960 1461 tumoris
977 1386 1101 1487 quid-'

31 1518 33 1526 '
83 1531 191 1603 quam
209 1508 249 1577 in
268 1508 429 1578 sauciata
455 1520 559 1604 parte
584 1502 743 1576 offendit
763 1505 831 1576 cel.
850 1509 1085 1604 Maupertui·

81 1623 236 1722 simle),
252 1647 341 1696 cum
360 1625 529 1720 alioquin
549 1638 677 1696 tumor
694 1622 810 1696 soleat
827 1623 886 1698 vel
901 1627 1000 1722 apis,
1016 1642 1083 1700 aut

83 1765 196 1842 vespae
224 1758 453 1841 puncturam
483 1743 623 1838 sequi;
654 1765 786 1812 verum
823 1741 863 1812 in
897 1743 1082 1841 cujusque

84 1857 173 1932 ictus
199 1859 289 1934 loco
314 1883 472 1957 parvum
493 1856 757 1930 tantummodo
783 1856 943 1930 rubrum
963 1883 1083 1957 punc·

84 1986 181 2050 tum:
206 1993 418 2074 negatque,
435 1976 475 2046 in
496 1990 551 2046 tot
565 1972 789 2052 animalibus
815 1998 898 2070 quae
918 1974 966 2046 ad
981 1975 1082 2048 idem

10 2115 11 2142 1
87 2089 598 2196 adhibuitlexperimentum,
627 2095 798 2189 unquam
833 2091 940 2172 aliter
966 2117 1004 2166 se
1029 2097 1085 2164 vi-

87 2206 187 2287 disse.
208 2217 333 2308 Atque
353 2203 396 2283 ut
413 2210 461 2282 ad
480 2209 617 2282 animal
639 2209 757 2308 aspidi
777 2210 951 2300 similius,
968 2211 1009 2282 id
1028 2195 1106 2286 est'

87 2327 247 2424 viperam
268 2353 482 2402 sermonem
500 2343 733 2420 convertam,
752 2352 797 2400 er
815 2329 859 2401 iis
880 2345 981 2402 certe
1001 2355 1085 2428 quae

89 2465 192 2542 supra
208 2449 265 2546 (3)
284 2447 439 2545 scripsi,
463 2447 503 2518 in
522 2445 711 2519 Franoinii
727 2445 857 2518 catella
878 2447 977 2520 nosti
999 2405 1085 2545 pai-

88 2573 158 2632 tem
169 2565 312 2636 nullam
321 2564 494 2662 eorporis
508 2561 680 2650 lividam,
693 2577 758 2638 aut
773 2563 958 2642 tumidam
971 2561 1085 2640 fuisse

89 2677 143 2748 rel
166 2667 295 2780 plures
320 2671 407 2780 post
431 2678 545 2752 horas
560 2703 607 2752 ex
630 2703 709 2777 quo
725 2677 881 2752 lethales
905 2705 927 2750 a
956 2681 1086 2778 vipera

90 2815 278 2904 acceperat
295 2821 464 2889 morsus,
484 2799 526 2868 in
547 2795 687 2870 nobilis
714 2813 839 2872 autem
862 2799 1011 2894 juvenis
1027 2798 1086 2896 (4)

91 2909 199 3012 digito
228 2941 344 3016 quem
374 2915 493 2988 altero
528 2915 707 2989 duntaxat
737 2913 852 2986 dente
884 2917 1012 3013 vipera
1034 2917 1099 3011 ita⁴

91 3029 359 3122 vulneraverat,
376 3049 419 3106 ut
436 3022 651 3132 gravissima
662 3033 736 3106 siut
747 3047 948 3104 consecuta
963 3054 1088 3132 symp-

93 3157 246 3238 tomata,
269 3165 354 3249 post
384 3151 497 3222 horas
532 3150 685 3244 demum
719 3149 865 3247 aliquot
895 3165 1087 3224 tumorem

94 3270 324 3364 apparuisse,
356 3293 444 3342 cunr
468 3267 519 3340 ed
545 3267 585 3340 id
615 3291 737 3366 usque
760 3283 909 3364 tempus
933 3269 987 3340 nil
1014 3269 1088 3342 uisi

91 3388 613 3486 puncturaeernipossetnon
629 3387 754 3482 major
768 3408 942 3484 ecquam
955 3385 1088 3482 infligit
1181 3399 1182 3404 ’
