2732 4654
111 436 179 484 ιιι,
193 437 251 486 iv,
262 437 308 486 nr
322 437 458 502 nonus
472 434 665 499 camunni,
677 429 747 486 etc.
765 435 877 486 misr.
887 437 965 484 mx.
994 399 1061 486 311
1095 401 1097 412 ’

65 547 202 620 Plinius
229 549 288 644 (ι)
317 549 466 621 videtur
483 527 487 540 ¹
503 550 707 647 scripsisse.
746 554 881 656 ssaepe,
920 553 1064 649 inquit,

69 665 197 759 Psylli,
209 673 276 764 qui
290 665 520 764 reliquarum
534 691 684 738 uenena·
700 683 883 774 terrarum
902 669 1070 754 inveben-

69 797 133 868 ter,
151 788 386 880 quaestussui
394 807 521 860 ,causa
533 788 741 881 peregrinis
752 784 861 854 malis
874 785 1069 883 implevere

67 901 241 987 Italiam,
262 900 331 971 ltus
348 925 497 998 quoque
513 901 765 999 (scorpiones)
782 905 987 1000 importare
1005 925 1069 972 co-

68 1024 145 1086 nati
158 1033 268 1090 sunt:
291 1017 360 1090 sed
375 1026 498 1090 virere
514 1023 614 1088 intra
645 1017 761 1091 Siculi
784 1018 869 1092 celi
883 1025 1070 1114 regionem

69 1158 138 1206 nou
146 1152 322 1233 potuere.
338 1140 518 1206 Vnuntur
536 1151 659 1206 tamen
676 1135 884 1232 aliquando
902 1141 940 1204 in
955 1137 1072 1208 ltalia

73 1251 136 1324 sed
150 1259 314 1324 innocui.
336 1255 374 1324 Si
396 1277 439 1325 ea
459 1255 641 1340 sinerent,
671 1279 753 1351 qun.
783 1253 830 1324 de
855 1253 1073 1351 vulgaribus

70 1371 226 1469 scorpiis
245 1355 478 1468 sequuntur,
496 1396 576 1442 non
596 1370 643 1440 de
660 1370 744 1460 his,
763 1371 828 1442 sed
846 1369 893 1444 de
911 1372 1072 1443 volucri-

70 1486 137 1559 bus
165 1486 299 1560 Africae
325 1487 591 1586 scorpionibus
627 1488 674 1559 de
708 1487 852 1586 quibus
871 1491 1072 1561 novissime

71 1603 230 1690 dixerat,
250 1604 419 1675 Plinium
437 1605 914 1704 multolibentiuspropter
931 1631 972 1676 ea
991 1630 1074 1703 quae

71 1721 180 1816 paulo
207 1735 294 1825 ante
319 1722 538 1819 scripserat,
565 1724 850 1820 interpretarer..
869 1727 963 1794 Cum
982 1747 1074 1794 vero

72 1863 144 1908 non
162 1839 456 1938 sinant,deesse
474 1838 618 1936 aliquid
638 1826 831 1937 suspicor:
848 1854 947 1909 certe
963 1841 989 1908 ii
1007 1841 1075 1936 qui

71 1959 192 2026 Romre
218 1971 306 2028 ante
335 1956 498 2027 Plinium
529 1959 790 2053 scripserunt,
817 1957 1008 2044 Lucilius,
1037 1941 1075 2028 et

74 2073 224 2160 Cicer0,
247 2097 371 2144 raram
388 2072 588 2144 bestiolam
616 2073 778 2172 exempli
798 2075 883 2144 loco
914 2098 994 2144 non
1023 2074 1076 2146 sic

74 2206 363 2276 memorassem,
380 2191 442 2262 ille
464 2191 619 2287 quidem
633 2191 702 2288 (ι)
712 2207 755 2262 ut
769 2196 939 2290 scorpius
953 2189 1078 2261 cauda
1093 2229 1095 2232 v

71 2309 237 2396 sublata,
259 2307 322 2378 bic
350 2333 446 2379 vero
461 2307 515 2404 (3)
536 2333 684 2406 serpere
710 2307 949 2406 anguiculos,
983 2333 1077 2378 nare

74 2423 301 2512 anaticulas,
319 2426 467 2496 evolare
488 2425 671 2513 merulus,
694 2429 868 2499 cornibus
889 2433 945 2498 nti
970 2425 1077 2499 vide·

76 2567 147 2614 inus
161 2545 273 2616 bores
285 2568 402 2640 nepas
421 2543 586 2630 aculeis;
605 2543 668 2616 sed
689 2546 816 2642 potius
832 2568 971 2641 vespas
987 2567 1078 2613 acu·

76 2659 135 2730 leis
160 2660 390 2757 scripsisset,
407 2675 447 2731 ut
468 2661 632 2757 imperiti
658 2662 747 2730 olim
778 2659 991 2747 ediderant,
1012 2675 1078 2730 aut

78 2777 175 2872 quod
189 2803 288 2874 nepa
301 2776 394 2874 quid
406 2794 518 2864 esset,
534 2779 753 2874 ignorarent
763 2793 844 2865 ,aut
860 2792 959 2847 certe
971 2775 1076 2873 quod

78 2896 237 2966 Nonium
264 2895 320 2992 (4)
336 2899 526 2968 nescirent
545 2896 595 2966 ita
616 2897 671 2965 uti
693 2893 979 2992 descripsimus,
999 2894 1078 2966 duo

53 3030 261 3107 ¹postrema
290 3015 482 3085 Ciceronis
517 3013 630 3084 uerba
666 3013 909 3110 produxisse,
951 3037 1076 3109 neque

78 3129 193 3218 aliter,
211 3145 255 3200 ut
269 3129 368 3202 illius
385 3129 575 3202 scribendi
592 3129 714 3218 ordo,
735 3146 772 3202 et
792 3131 974 3202 sententia
990 3155 1077 3228 pos·

79 3248 213 3336 tulant,
233 3245 445 3345 producere
465 3248 642 3345 potuisse.
668 3248 779 3338 Quod
808 3248 925 3344 siquis
951 3261 1106 3323 tamen.

81 3364 219 3454 credat,
233 3361 395 3434 Plinium
417 3363 576 3436 initalia
597 3367 766 3464 scorpios
779 3370 959 3434 innocuos
977 3387 1079 3451 esse,

114 3683 125 3862 l

130 3681 156 3762 ι)
178 3687 247 3741 Nat.
264 3683 334 3740 hist.
345 3685 366 3738 l.
383 3703 434 3754 ιι,
450 3701 476 3739 c.
493 3680 543 3738 25.

126 3802 143 3839 2
175 3785 220 3840 Ex
234 3784 367 3858 satyr-l.
383 3783 480 3853 3o,n.
494 3781 540 3838 23.

127 3881 158 3958 3)
177 3883 221 3938 De
235 3874 333 3938 Finib.
345 3883 366 3936 l.
381 3879 413 3936 5.

115 3882 127 3956 (

116 3977 127 4060 l

128 3989 144 4050 4
177 3983 222 4040 De
241 3985 347 4058 Propr.
362 3999 448 4038 serm.
464 3981 496 4037 in
509 3999 599 4055 nepa.
