2732 4654
300 417 371 492 338
459 437 506 486 nr
532 437 679 490 surmus
701 439 745 492 tr
770 435 893 486 ciusrs
919 437 1128 489 normann

299 555 388 628 licet
406 575 521 626 succo
536 565 739 638 venenato,
762 575 782 620 e
801 551 1016 648 viperarum
1036 551 1215 648 capitibus
1233 575 1280 625 ex·

299 689 440 760 tract0,
470 695 589 770 pauca
612 693 708 766 aqua
733 667 852 743 calida
886 669 984 740 inter
1013 671 1280 767 exprimendum
1348 699 1349 702 ¹

297 791 464 879 ablutis,
484 791 524 860 in
545 783 755 886 sanguiiera
785 809 873 859 vasa
897 786 1055 882 injecto,
1083 786 1189 860 brevi
1212 789 1281 860 illos

298 911 464 1008 periisse.
484 913 626 980 Verum
652 919 778 978 tamen
795 902 861 983 ubi
886 905 1212 994 animadverteris,
1225 907 1281 978 alia

298 1031 408 1102 etiam
422 1024 641 1122 complura,
660 1047 742 1119 quae
757 1023 911 1100 minime
927 1038 1109 1097 veneneta
1123 1039 1225 1110 sant,
1243 1023 1281 1094 ad

296 1144 471 1221 eumdem
489 1139 646 1222 modum
661 1139 816 1234 injecta,
842 1138 950 1214 brevi
979 1142 1119 1238 pariter
1136 1155 1279 1226 mortem

295 1259 430 1334 afferre
457 1261 531 1361 (ῆς
563 1257 744 1331 libentius
770 1257 983 1356 perpendes
1010 1283 1093 1356 quae
1111 1283 1133 1330 a
1151 1257 1280 1330 Meadio

292 1367 662 1478 provianervorum
683 1373 869 1471 producta
905 1389 1003 1448 sunt.
1035 1379 1129 1448 Nam
1155 1377 1280 1472 etipse

292 1510 402 1568 antea
429 1494 484 1592 (a)
510 1518 591 1564 non
613 1489 854 1588 improbabat
874 1515 1056 1564 venarum
1085 1495 1185 1568 viana
1203 1517 1281 1590 pra-

292 1614 420 1694 sertim
434 1611 501 1684 ubi
517 1610 565 1682 de
581 1609 737 1682 venenis
750 1623 924 1706 ageretur
941 1608 1116 1682 immissis
1133 1635 1202 1708 per
1216 1611 1281 1682 ani·

290 1731 445 1804 mulium
458 1731 641 1817 ictus,aut
655 1751 813 1798 morsus.
823 1724 895 1798 Sed
908 1741 1038 1824 postea
1051 1730 1281 1801 mutavitsen·

289 1849 466 1938 tentiam,
487 1862 525 1918 et
544 1843 867 1944 quemadmodum
893 1861 1062 1943 sumpta,
1084 1848 1136 1918 ita
1164 1863 1201 1918 ct
1223 1870 1279 1945 per

293 1968 433 2050 vulnus
456 1964 579 2036 infusa
604 1985 750 2034 venena
770 1959 923 2059 aggredi
948 1963 1188 2059 potissimum
1208 1989 1281 2036 ner-

174 2159 194 2182 f
290 2111 358 2163 ros
385 2081 563 2170 credidit,
592 2105 678 2152 cum
701 2079 921 2152 attendisset
940 2080 1170 2154 celeritatem
1193 2082 1279 2156 iliam

289 2203 486 2276 mirificam
509 2225 584 2298 qua
601 2201 738 2302 viperae
758 2198 973 2274 caudisonae
994 2222 1143 2273 morsus
1164 2225 1279 2272 canen

291 2320 446 2409 occidit,
474 2342 551 2390 non
577 2323 719 2412 integro
745 2315 921 2390 videlicet
946 2299 1087 2388 minuti
1120 2322 1280 2416 temporis

290 2437 512 2538 quadrante.
534 2435 606 2508 Sed
624 2449 663 2510 et
679 2435 807 2532 vipera
829 2433 992 2532 vulgaris
1020 2457 1107 2506 cum
1129 2435 1280 2506 hominis

290 2557 449 2656 digitum
465 2550 754 2639 momordisset,
770 2551 896 2646 isque,
922 2567 964 2622 ut
988 2575 1099 2650 supra
1110 2552 1166 2649 (3)
1189 2575 1280 2624 com·
1348 2611 1349 2656 ἶ

289 2686 542 2746 memoratum
561 2683 633 2758 est,
659 2691 702 2738 os
726 2667 875 2740 vulneri
900 2673 1026 2740 statim
1051 2669 1279 2758 admonisset,

289 2791 587 2888 sanguinemque
604 2785 826 2871 exsurissct;
840 2784 1026 2876 docfucto
1040 2775 1280 2884 reperiemur

290 2921 374 2978 tuus
396 2902 574 2987 concidit,
594 2902 672 2974 sive¹
685 2915 728 2972 ut
746 2899 836 2972 alibi
854 2899 910 2998 (4)
924 2902 1095 2998 loquitur
1107 2903 1206 2974 idem
1223 2901 1283 2999 qui

287 3022 402 3110 uidit,
420 3019 660 3106 MatthioluS,
679 3016 877 3114 derepente
906 3025 944 3088 in
973 3034 1112 3091 terram
1142 3020 1277 3106 cecidit,

291 3142 356 3214 ubi
382 3137 483 3208 cilico
502 3152 624 3208 mutus
644 3135 779 3226 fuctus
808 3135 974 3233 deperiit.
1008 3141 1093 3210 Nou
1123 3138 1278 3210 surrectus

289 3254 463 3353 quidem,
483 3252 547 3326 sed
563 3253 670 3327 valde
690 3253 843 3342 noxium
865 3268 903 3335 et
921 3253 1071 3332 subitus
1086 3257 1134 3328 ab
1157 3254 1274 3328 eadem

325 3577 368 3659 (1)
387 3580 458 3638 Vid.
476 3599 513 3637 ex
528 3599 574 3658 gr.
602 3579 680 3634 inter
700 3579 800 3653 inject.
827 3583 999 3655 Courtcuii,
1019 3588 1035 3654 S
1059 3584 1108 3642 cit.
1132 3602 1220 3660 supra
1241 3581 1273 3639 ad

281 3701 313 3739 n.
334 3681 381 3738 16.

322 3779 367 3857 (a)
387 3779 457 3836 Vid.
471 3778 584 3838 iutrod.
598 3778 637 3836 ad
651 3790 771 3836 tentam.
793 3795 796 3816 ¹

321 3879 366 3956 (3)
387 3880 424 3934 N.
448 3878 495 3934 30.

320 3974 363 4059 (4)
381 3979 552 4035 Commeat.
570 3975 602 4032 in
615 3977 697 4052 praef.
711 3978 808 4036 Diosc.
823 3979 861 4036 ad
874 3982 894 4038 .l
909 3981 936 4038 6.
