2824 4652
93 487 201 538 mm.
213 454 577 544 nrannrumsanmn.
587 481 1001 536 summonnmsmexvr.
1018 462 1087 562 575

91 613 286 672 crescente
299 611 464 696 prostata
486 595 664 696 glandula
686 582 910 698 opponitur,
926 626 1012 672 non
1030 601 1092 684 iis·
1122 663 1127 671 ,

94 717 179 792 dem
200 715 466 792 tantummodo
492 715 644 805 litteris,
664 715 730 790 sed
761 731 799 790 et
820 718 921 806 aliis,
942 719 1092 818 illisque

91 835 394 934 praesertimque
410 856 472 908 eas
491 833 662 932 proxime
679 849 956 910 antecesserant
976 837 992 929 ζ
996 835 1053 935 ι),
1072 861 1094 910 a

92 976 153 1026 me
187 951 258 1024 tibi
281 953 464 1050 scriptum
500 975 579 1024 esse
613 952 839 1036 memineris.
865 955 975 1026 Nunc
1002 979 1093 1028 vero

93 1069 163 1142 alia
180 1067 355 1154 addenda
374 1083 471 1141 sunt.
496 1067 610 1159 Quod
629 1069 730 1140 enim
758 1093 832 1168 ego
853 1070 1094 1146 tuberculum

93 1189 235 1286 inipso
256 1185 543 1264 urethraeinitio
572 1211 850 1288 nonuunquam
880 1187 1094 1288 depreben-

93 1307 220 1399 deram
231 1320 297 1394 „et
311 1329 384 1404 pro
401 1305 654 1380 excrescentia
671 1321 869 1404 prostatae,
886 1307 1017 1380 saltem
1034 1312 1093 1382 in·

93 1423 247 1510 chaale,
276 1422 510 1510 habueram,
545 1422 586 1494 id
617 1423 859 1496 tuberculum
891 1426 1094 1498 novissime

91 1543 186 1642 legi,
216 1543 299 1615 sine
320 1541 397 1614 ulla
420 1539 655 1628 dubitatione
679 1543 798 1640 accipi
828 1563 900 1641 pru
932 1543 1095 1620 naturali

94 1662 275 1748 omniuo,
294 1674 335 1734 ct
353 1659 532 1732 omnibus
552 1661 747 1732 communi
769 1660 973 1759 particula,
999 1687 1094 1736 uvu·

92 1781 244 1878 lamque
260 1775 475 1877 appellaria
491 1777 560 1848 cel.
581 1779 813 1867 anatomico,
830 1778 939 1873 cujus
956 1803 1097 1851 nomen

93 1897 250 1970 hicnon
270 1895 358 1970 ideo
376 1898 532 1984 omitte,
549 1893 654 1994 quod
671 1895 752 1990 ejus
769 1895 986 1991 ingenium,
1011 1895 1095 1966 dili·
1122 1881 1127 1892 ’

96 2016 286 2114 gentiam,
315 2029 352 2086 et
381 2028 513 2086 caetera
539 2012 673 2084 merita
699 2037 779 2084 non
816 2011 910 2083 tanti
940 2009 1095 2124 faciam,

96 2117 379 2229 qnantidebe0‚
397 2129 498 2202 ethae
509 2130 695 2228 ipsaemeac
711 2129 1099 2204 nonunolocoosten·

94 2249 192 2322 dunt
208 2247 393 2346 epistolae;
412 2245 477 2336 sed
492 2262 534 2320 ut
551 2271 673 2318 meam
692 2245 1005 2326 consuetudinem
1022 2269 1098 2320 ser·

93 2391 203 2456 vem,
226 2367 542 2463 quotiescumque
565 2364 613 2437 ab
632 2363 745 2446 docto
764 2363 911 2464 aliquo,
931 2380 968 2438 et
981 2389 1097 2462 spec-

93 2500 174 2556 tato
192 2485 275 2556 viro
288 2485 358 2582 qui
370 2485 489 2573 vivat,
506 2483 760 2582 etprasertim
778 2484 846 2581 qui
861 2508 905 2555 ex
917 2497 1016 2554 coetu
1032 2481 1097 2560 illo

93 2599 238 2696 inclyto
249 2603 296 2674 sit
310 2625 355 2671 ex
369 2625 446 2696 quo
460 2601 541 2699 ipse
560 2615 636 2689 est,
653 2624 770 2698 cogor
788 2625 862 2698 pro
879 2602 957 2675 veri
971 2599 1097 2675 studio

95 2717 306 2790 dissentire.
317 2719 436 2816 Igitur
445 2718 475 2788 si
489 2718 529 2788 in
547 2717 724 2790 omnibus
735 2719 880 2792 suaista
897 2718 1010 2788 uvula
1027 2733 1100 2803 est,

94 2849 186 2908 utar
203 2836 327 2924 enim,
343 2833 536 2908 brevitatis
546 2853 673 2922 causa,
685 2834 748 2908 hic
759 2859 804 2908 eo
818 2836 973 2950 nomine
987 2889 997 2923 ,
1012 2836 1098 2930 jure

93 2955 257 3028 miratur
277 2977 298 3024 a
324 2975 385 3024 me
402 2976 480 3024 non
508 2961 597 3028 esse
618 2959 871 3052 ccnspectam.
897 2951 1018 3026 Multo
1032 2977 1112 3030 au··

94 3089 174 3144 tem
194 3071 311 3170 magis
327 3069 457 3142 mirari
470 3071 551 3170 ipse
568 3070 643 3144 hoc
655 3069 833 3144 deberem
845 3103 855 3158 5
869 3068 999 3168 qui(a)
1012 3095 1099 3142 curn

95 3188 153 3261 ibi
175 3188 306 3263 leviter
320 3201 527 3265 exstantem
545 3188 681 3260 lineam
705 3213 789 3288 quae
815 3187 863 3260 ad
883 3187 1100 3262 seminalem

97 3307 293 3384 descendit
322 3308 580 3397 carunculam,
610 3308 688 3379 imo
715 3309 756 3378 in
791 3307 993 3384 caruncula
1030 3305 1102 3378 hac

97 3427 214 3524 longe
232 3427 488 3498 tenuissimam
502 3425 677 3499 lineolam
701 3425 855 3504 alteram
863 3462 876 3514 1,
899 3449 981 3524 quae
997 3421 1102 3494 vide·

97 3539 189 3616 licet
205 3541 347 3614 conditi
373 3543 414 3616 in
431 3565 474 3614 ea
496 3545 598 3616 sinus
616 3541 806 3616 orificium
827 3553 903 3630 est,
929 3537 1102 3638 pervide·

98 3663 190 3752 rim3
208 3683 347 3760 corpus
362 3674 467 3732 tanto
480 3661 703 3750 exstantius,
719 3677 853 3733 etcum
873 3657 987 3729 uvula
1006 3679 1105 3726 com-

106 3825 1105 3860 mmm
1148 3821 1151 3826 .

141 3937 188 4023 (1)
206 3947 301 4022 Epist.
315 3954 372 4019 41,
387 3966 419 4004 n.
437 3966 471 4018 ¹7
487 3957 592 4024 etseq.

143 4043 187 4125 (a)
208 4047 332 4105 Advers.
348 4057 427 4106 anat.
441 4047 473 4120 1,
488 4065 518 4104 n.
531 4065 561 4122 9.
636 4073 644 4094 ·
