2824 4652
83 435 156 486 HE.
165 437 216 487 tv.
226 432 517 486 DEADDENDISAD
526 393 907 484 L'11t.suruntos.urtsr.
917 431 1011 483 txtv.
1030 410 1101 510 509

83 549 249 626 effectus
277 549 468 624 evidentes
496 546 679 636 luerunt,
709 562 746 619 et
773 571 856 646 quae
887 547 1101 646 longiorem

83 667 252 742 historia
267 690 481 740 sermonem
501 659 763 762 requirerent,
784 645 899 736 adea
918 665 1101 740 duntaxat
1143 683 1146 694 '

82 783 227 856 redibo
249 809 331 882 quac
350 782 473 855 statim
500 807 520 852 a
541 780 731 852 cadaveris
758 781 983 856 dissectione
1002 809 1100 882 prae·

80 901 301 988 clarissimo.
311 901 549 1010 Placentino,
568 913 604 972 et
619 897 864 1004 solertissimo
882 903 1094 998 prosectori

81 1017 247 1116 publico
270 1017 483 1108 Mediana,
514 1032 552 1089 et
584 1018 664 1091 aliis
699 1019 766 1114 qui
795 1017 973 1108 aderant,
1004 1018 1102 1108 dixi,

83 1133 206 1208 fuisse
218 1129 371 1233 quidem
391 1135 558 1209 universi
572 1133 718 1222 cordis,
736 1149 773 1205 et
795 1137 1099 1232 magnaedarteriae

83 1251 348 1326 dilatationem
383 1278 404 1324 a
434 1251 546 1324 nobis
582 1265 849 1350 conspectam,
882 1278 965 1352 quae
997 1269 1098 1326 certe

82 1385 296 1467 antequam
314 1367 469 1442 allectus
488 1367 543 1438 illi
570 1367 890 1468 vehementissimi
925 1369 1096 1442 animum

83 1486 259 1559 hominis
279 1487 544 1588 percellerent,
563 1485 667 1555 nulla
682 1482 821 1574 fuerat,
838 1486 980 1584 optimc
993 1489 1095 1580 enim

82 1598 257 1677 valebat:
281 1605 408 1702 itaque
432 1627 453 1674 a
474 1604 633 1683 maxime
651 1601 871 1700 perturbato
894 1606 1096 1702 spirituum

85 1746 161 1820 per
195 1744 331 1793 nervos
360 1733 492 1808 motu,
524 1743 642 1818 eosqu
698 1721 903 1818 pracsertim
933 1723 1000 1820 qui
1031 1746 1098 1796 cor

86 1863 252 1936 eamque
270 1840 446 1910 arteriam
468 1837 625 1926 adeunt,
708 1837 762 1909 eri
779 1837 859 1934 ejus
871 1836 1098 1914 dilatationis

85 1959 243 2030 initium
262 1955 531 2055 repetendum,
560 1953 608 2026 ab
621 1953 830 2052 iisdemque
845 1955 997 2028 irritatis
1013 1957 1098 2030 sub·

84 2075 182 2168 inde
201 2067 347 2164 nervis,
361 2073 571 2147 uentriculo
582 2073 1096 2172 quoquesubservientibuS,

84 2208 173 2266 tum
189 2217 340 2266 sensum
361 2190 468 2264 illum
484 2194 590 2291 quasi
607 2189 708 2267 fumi„
726 2191 814 2266 iude
837 2191 1095 2283 ascendentis,

85 2325 173 2384 tum
191 2311 429 2384 convulsurus
449 2311 612 2384 insultus
631 2311 699 2409 qui
722 2336 809 2384 eum
831 2333 983 2384 sensum
1003 2336 1094 2384 con-

86 2429 375 2528 sequebantur,
402 2455 422 2500 a
437 2445 543 2502 certo
558 2429 682 2502 autem
705 2427 895 2526 quodam,
928 2429 1096 2504 necdum

86 2561 219 2620 tamen
236 2561 347 2624 aucto
365 2545 667 2644 confirmatoque
689 2547 890 2643 spirituum
906 2561 942 2618 et
959 2571 1095 2620 nervo-

34 2731 36 2738 ,
84 2687 178 2734 rum
197 2665 289 2735 vitio
312 2665 472 2762 primam
493 2663 596 2737 illam
624 2689 702 2734 non
725 2665 776 2736 ita
807 2663 980 2761 magnam
1008 2666 1095 2764 pul·

86 2805 199 2866 suum
236 2779 448 2852 tarditatem
485 2777 593 2852 facile
626 2775 896 2852 deducendam.
936 2785 1027 2872 Quae
1064 2784 1095 2855 si

85 2898 221 2968 omnia
257 2912 507 2996 symptomata
547 2912 753 2970 acruenta
787 2897 850 2970 illa
882 2897 1093 2994 dejectione

84 3016 256 3118 primum
271 3015 424 3114 quidem
444 3007 572 3088 sedata¹
589 3031 698 3102 sunt,
715 3040 793 3086 non
807 3011 957 3088 difficile
980 3015 1028 3088 ab
1048 3017 1092 3093 iis

88 3139 241 3206 causam
268 3132 532 3232 quadantenus
559 3132 777 3228 conjectum
796 3133 842 3202 iri
863 3133 928 3230 qui
951 3131 999 3205 ab
1019 3132 1094 3204 ha*-

79 3251 375 3324 -morrhoidibus
387 3249 489 3326 hauc
503 3264 699 3350 repetant,
727 3265 764 3322 et
779 3273 883 3322 venae
898 3265 1094 3348 portarum

87 3369 238 3454 radices
255 3383 424 3460 cunctas,
450 3370 656 3468 praesertim
676 3385 759 3469 qu'ae
780 3393 800 3474 q
821 3369 1031 3454 ventriculo
1054 3369 1095 3440 in

88 3488 191 3560 illius
226 3510 328 3558 venae
358 3501 535 3560 truncum
572 3483 727 3558 demum
761 3483 982 3573 confluunt,
1014 3510 1094 3557 non

78 3609 278 3706 ignorent.
298 3605 377 3678 Nec
391 3619 518 3678 tamen
534 3620 738 3704 propterea
753 3601 992 3700 negandum,
1013 3587 1095 3674 eam

93 3748 210 3824 quam
224 3723 406 3809 diximus,
431 3720 577 3810 cordis,
595 3736 632 3792 et
647 3745 790 3818 maguae
807 3719 951 3790 arteriae
971 3719 1100 3822 dilata·

92 3845 265 3928 tionem,
306 3841 510 3940 praesertim
545 3849 746 3937 postquam
785 3834 943 3908 adaucta
977 3833 1099 3911 fuerat

41 3975 52 3986 ‘
93 3961 305 4064 quidquam
339 3957 387 4032 ad
420 3955 600 4056 pulsuum
643 3957 838 4028 raritatem·
878 3952 1101 4044 contulisse,
