2700 4660
376 408 392 443 .
718 426 721 432 ,

18 475 22 484 ’
111 493 176 541 uin.
187 492 238 540 tv.
257 491 304 539 nn
318 488 456 538 nonnis
468 487 648 538 cursous.
658 517 669 552 ,
686 479 755 538 etc.
770 489 881 541 nrtsr.
895 491 968 540 mx.
998 469 1066 570 287

66 603 284 678 haberemus
304 603 481 677 histbrias
500 603 649 704 potius,
670 625 785 700 quam
802 605 970 704 plurium
984 631 1068 679 auc·

68 740 208 812 torum,
228 747 395 820 quorum
427 721 490 792 alii
521 743 782 817 saepenumero
814 723 906 794 alios
927 723 1069 796 descri-

66 831 172 928 bunt,
191 841 392 940 diagnoses
412 837 689 936 hypothesibus
707 839 898 912 interdum
915 827 1089 920 fortusse¹

66 962 193 1058 magis,
230 981 345 1056 quam
380 955 739 1052 observationibus,
780 961 1066 1057 respondentes.
1106 1006 1109 1015 ·
1191 1035 1193 1040 ,

65 1081 177 1176 Atque
191 1079 361 1163 utinam,
373 1075 479 1152 ‚siout
496 1090 553 1146 tot
575 1073 657 1146 aliis
678 1099 698 1146 e
716 1075 987 1174 vegetabilibus
1005 1057 1069 1152 vd·

66 1197 166 1266 uenis
185 1193 401 1294 periculum
421 1193 461 1262 in
478 1190 880 1291 canibusaWepfero,
900 1195 948 1268 ab
968 1198 1067 1270 aliis·

67 1338 133 1410 que
153 1310 296 1384 factum
316 1326 388 1400 est,
408 1325 446 1382 et
464 1311 670 1382 viventium
690 1328 1069 1410 symptomata,mor·

67 1445 294 1527 tuorumque
311 1428 394 1502 laesa
406 1429 550 1500 viscera
563 1427 741 1500 adnotata
760 1447 872 1520 sunt;
889 1433 940 1506 ita
956 1434 1067 1506 etiam

66 1550 101 1618 iu
123 1547 197 1620 boc
220 1545 361 1619 factum
385 1561 498 1632 esset,
518 1561 584 1618 aut
609 1546 719 1618 nobis
739 1545 900 1621 laciendi
920 1565 1069 1650 tempus

66 1691 164 1738 nunc
182 1662 421 1753 essetanibil
447 1662 627 1736 libentius
646 1689 761 1761 quam
789 1667 890 1738 inter
911 1693 949 1740 se
972 1671 1071 1767 ejus·

66 1784 312 1883 modiomnes
323 1781 608 1855 observationes
624 1776 905 1888 conferremus,
927 1788 1070 1886 utquid

68 1901 289 1975 discriminis
308 1900 356 1974 ab
378 1901 449 1972 alia
466 1914 530 1972 aut
548 1901 689 1998 specie,
713 1916 778 1972 aut
796 1917 1071 2001 temperatura,

68 2035 125 2091 aut
149 2034 273 2108 aetate,
293 2033 359 2092 aut
393 2018 568 2117 regione,
594 2025 662 2088 'aut
685 2017 820 2114 planta
850 2037 980 2118 parte,
1006 2038 1071 2095 aut

68 2134 173 2232 hujus
182 2137 550 2212 constitutione.aut
560 2133 721 2210 admisto
730 2135 896 2235 denique
908 2138 1071 2213 humore

68 2257 253 2345 existeret,
267 2255 399 2328 liceret
418 2252 615 2352 dispicere.

115 2379 166 2462 14.
182 2377 296 2445 Nunc
311 2373 342 2445 si
359 2395 476 2442 unam
494 2370 592 2444 banc
610 2387 823 2471 spectemus
838 2373 1070 2448 observatio-

69 2516 170 2584 nem,
198 2490 402 2563 verisimile
440 2488 687 2588 putabimus,
726 2492 844 2588 egisse
880 2517 1070 2566 venenum

69 2607 135 2681 hoc
158 2611 198 2682 in
217 2609 494 2698 ventriculum,
519 2609 679 2705 ejusque
702 2633 859 2698 nervos,
882 2625 937 2698 et,
964 2612 1069 2708 quod

70 2729 332 2825 consequitur,
350 2727 391 2796 in
410 2725 503 2798 alios
524 2750 611 2796 cum
636 2725 681 2796 iis
708 2725 949 2799 cohaereutes.
971 2730 1072 2819 Quid

71 2843 425 2918 enimduriorcsillae
438 2843 637 2916 ventriculi
649 2846 769 2942 rugae',
793 2844 1070 2942 quidvomitus,

71 2962 157 3058 quid
185 2985 380 3062 expressa,
418 2976 461 3034 ut
486 2960 652 3048 videtur,
678 2960 787 3050 bilis,
810 2963 904 3060 quid
938 2967 1073 3040 amissa

71 3076 249 3178 loquendi
262 3078 433 3168 facultas,
452 3078 545 3176 quid
565 3079 628 3150 ille
642 3078 797 3178 quidam
814 3083 921 3178 quasi
940 3109 1070 3182 sopor,

73 3197 160 3294 quid
178 3198 249 3270 alia
263 3223 346 3296 quae
372 3222 476 3268 nuuc
494 3213 696 3295 praetereo,
728 3199 802 3270 nisi
821 3203 1071 3297 quarumdam

73 3313 299 3388 internarum
337 3313 628 3387 convulsionum
661 3319 1072 3419 contractionumque,

74 3432 179 3506 nobis
196 3435 454 3532 conjecturam
474 3433 673 3520 suadeant,
699 3434 876 3532 aquibus
901 3439 1074 3512 cohiberi

75 3571 222 3650 quoque
240 3552 363 3651 potuit
388 3553 560 3650 sanguis,
579 3566 616 3621 et
635 3545 806 3624 externas
825 3553 907 3626 illas
932 3561 1074 3628 ventri·
1163 3567 1165 3570 ’

77 3669 163 3757 culi,
176 3684 214 3741 et
228 3669 495 3742 intestinorum
511 3691 626 3762 venas
637 3667 857 3769 vdistendere
869 3669 883 3741 l
895 3675 971 3745 Nec
983 3697 1074 3746 vero

78 3781 191 3875 dicas,
214 3788 245 3860 si
257 3785 469 3858 ventriculo
485 3787 644 3858 interius
660 3787 853 3874 vellicat0,
868 3788 931 3860 illa
950 3794 1077 3866 omnia
1182 3796 1185 3818 ’

79 3893 263 4002 contigere
275 3931 285 3993 3
298 3903 420 3976 multo
437 3905 556 4002 ipsam
577 3903 695 4000 magis
705 3905 924 3988 interiorem
938 3914 1080 3982 ventri·

81 4019 152 4092 culi
175 4019 308 4098 faciem
327 4021 499 4096 distentis
529 4022 690 4100 vasculis
717 4019 986 4097 inflammatam
1017 4055 1081 4132 ap·
