2858 4658
304 396 354 469 60
471 419 520 468 na
546 415 690 470 sarnus
715 421 759 466 ar
784 417 907 468 causis
933 418 1143 468 nonnosum

303 557 372 622 na,
381 534 551 630 quamvis
572 559 666 606 sanae
684 536 759 608 sint
773 534 1022 630 circumjectae
1040 548 1188 636 partes,
1206 545 1251 606 ut
1270 532 1312 606 in

305 654 531 754 cusu„Halae
546 653 647 726 edito
665 678 767 728 anno
786 659 877 752 1742
906 653 953 724 de
978 648 1240 752 amputatione
1250 653 1315 744 fe·
1413 675 1414 748 l

304 777 418 846 moris
434 795 511 856 non
530 787 695 844 cruento.
713 775 840 846 Minus
863 796 948 844 rara
967 787 1023 847 est
1035 797 1118 870 quae
1134 771 1314 844 eumdem

304 891 345 960 in
358 892 614 987 amputatione
634 894 734 988 parit
753 889 954 980 effectum,
978 891 1194 962 tunicarum
1215 905 1314 964 arte·
1413 961 1414 996 3

303 1007 368 1090 riae
381 1009 426 1078 in
448 1031 592 1080 osseam
613 1023 786 1082 naturam
806 1009 1050 1108 degeneratio
1076 1033 1158 1106 quae
1180 1023 1218 1097 et
1237 1009 1316 1097 illa·
1413 1003 1414 1040 ³

303 1149 390 1199 rum
406 1123 632 1200 flexilitatem
651 1129 778 1216 tollat,
803 1142 841 1199 et
864 1129 962 1198 viam
982 1129 1157 1226 sanguini
1179 1149 1313 1198 coare·
1413 1161 1414 1172 ¹

304 1247 517 1342 multaque
537 1246 698 1318 Kulmus
731 1245 786 1341 (ι)
811 1246 1006 1334 censebat,
1042 1244 1089 1318 ab
1127 1244 1198 1319 hac
1229 1267 1314 1318 esse

306 1384 438 1452 causa,
473 1386 541 1433 cur
566 1379 681 1434 oetate
698 1368 915 1461 praesertim
938 1369 1116 1460 provecti
1142 1361 1326 1450 nonnum
1413 1361 1414 1446 ζ

306 1465 421 1576 auam
449 1479 626 1578 sphacelo
648 1481 795 1579 pedum
820 1483 963 1579 absque
994 1480 1074 1552 ulla
1101 1505 1318 1584 praegressa
1413 1487 1414 1518 ³

307 1621 424 1668 causa
452 1601 610 1668 externa
641 1603 904 1696 corripiantur.
933 1602 1044 1690 Certe
1074 1613 1200 1672 autem
1226 1596 1318 1668 inde
1413 1637 1414 1696 a

307 1711 379 1786 tuit
398 1716 436 1784 in
456 1714 577 1786 nobili
595 1717 827 1812 sene=,cujus
846 1715 1041 1788 historiam
1068 1715 1167 1814 apud
1191 1713 1321 1786 lauda·
1413 1731 1414 1810 l

306 1845 388 1904 tum
407 1833 647 1904 Swietenium
664 1833 718 1931 (a)
733 1833 888 1906 relatam
905 1834 1085 1906 invenies.
1164 1914 1167 1934 Ι
1318 1815 1322 1822 ’
1413 1835 1414 1924 j

315 2033 320 2045 Ι
359 1955 417 2040 24.
438 1955 555 2023 Porro
573 1969 628 2039 est
645 1951 839 2058 quoddam
863 1977 1089 2052 gangrena,
1106 1953 1184 2022 imo
1204 1948 1321 2048 spha-

310 2069 381 2141 celi
402 2093 521 2166 genus
539 2069 641 2166 apud
667 2084 854 2146 nostrates
878 2070 999 2153 rarius
1027 2092 1258 2172 occurrens,⁸
1275 2081 1327 2140 ut'
1413 2077 1414 2088 ’

308 2211 379 2261 nec
390 2186 566 2260 Valsalvae
578 2213 748 2286 unquam
764 2189 886 2262 visum
898 2189 1093 2263 etiamtum
1104 2201 1323 2274 esset‚cum
1413 2169 1414 2178 ἵ

310 2301 539 2398 adolescenti
560 2305 654 2376 mihi
671 2331 716 2378 ex
733 2305 915 2376 relatione
937 2305 1099 2376 aliorum
1116 2301 1324 2391 narrabat,

310 2421 598 2505 exsiccationem
623 2448 645 2501 a
674 2423 780 2522 pedis
810 2423 947 2521 pollice
980 2423 1251 2521 incipientem,
1283 2434 1323 2494 et

309 2539 448 2616 sensim
477 2539 525 2610 ad
548 2539 672 2620 femur,
694 2565 817 2638 usque
842 2539 1088 2640 productam,
1104 2555 1146 2639 ut
1168 2561 1254 2636 pm,
1282 2551 1323 2610 et
1413 2603 1414 2606 ,

308 2671 563 2759 cummium,
585 2659 687 2734 velut
712 2661 752 2729 in
771 2665 934 2758 mamea,
954 2659 1032 2759 sine
1053 2655 1191 2759 ξᾳῑοτε,
1215 2654 1322 2730 arida
1413 2735 1414 2744 χ

310 2791 454 2868 essent,
473 2791 635 2850 mortem
660 2777 810 2848 cuidam
838 2775 988 2872 mulieri
1014 2774 1123 2846 annis
1143 2757 1321 2872 superio·
1413 2771 1414 2778 '

307 2891 412 2973 ribus
424 2894 601 2966 attulisse.
625 2893 730 2966 Vidit
755 2909 879 2966 autem
897 2906 1052 2990 postea,
1087 2905 1125 2963 et
1143 2915 1214 2990 ego
1231 2913 1320 2962 cum

207 3011 209 3018 '
307 3008 407 3105 ipso,
426 3032 513 3100 cum
530 3011 702 3106 Bononia
721 3009 884 3082 necdum
904 3008 1174 3095 discessissem,
1194 3008 1234 3078 in
1250 3031 1320 3078 no·

305 3127 476 3223 soeomio
504 3125 786 3198 Incurahilium.
823 3127 925 3217 Quin
959 3127 1071 3198 etiam
1108 3126 1208 3196 inter
1238 3124 1323 3220 ejus

308 3245 473 3317 Consilia
490 3269 609 3316 unum
635 3245 709 3342 legi
741 3270 813 3344 pro
839 3243 1029 3318 monacho
1062 3244 1245 3341 scriptum
1270 3267 1318 3314 ex
1413 3325 1414 3334 ἵ

307 3357 450 3434 morbo
462 3359 693 3458 ejuscemodi
710 3363 916 3436 laborante.
937 3368 1025 3436 Erat
1040 3364 1072 3435 is
1089 3361 1185 3434 duos
1204 3371 1321 3458 sup'ra'

306 3479 556 3578 quadraginta
574 3504 695 3554 annos
709 3497 841 3570 natus,
858 3481 1013 3570 obesus,
1028 3477 1258 3554 humoribus
1268 3477 1320 3551 ad
1413 3489 1414 3492 ’

307 3595 557 3672 scorbuticam
569 3597 796 3695 dyscrasiam
812 3596 1318 3698 vergentibus,i1npetigini‚

343 3880 388 3959 (ι)
409 3883 529 3959 Disput.
542 3882 580 3939 de
592 3883 673 3939 tend.
689 3876 787 3960 achill.
802 3884 959 3964 disrupto,
974 3895 1047 3960 etta,
1060 3883 1093 3942 iu
1104 3883 1172 3962 ipso
1182 3881 1256 3944 fine.

342 3980 387 4063 (a)
408 3985 574 4042 Commeat.
590 3982 641 4040 cit.
661 3985 758 4052 54²4·
