2858 4658
272 412 320 502 54
440 435 486 520 pn
513 433 659 483 snnrnus
684 435 728 482 nr
754 433 878 484 clusis
904 435 1113 484 nonnosum
1164 409 1167 416 ’
1220 419 1224 426 “

271 565 347 638 est,
368 551 504 620 cariem
522 563 615 619 tunc
635 545 810 635 indicari,
828 549 859 620 si
872 545 975 620 fusca
991 547 1050 620 vel
1069 547 1221 622 subatra
1234 551 1284 624 sit

273 693 355 765 quee
375 693 418 739 ex
437 667 563 737 ulcere
575 664 704 764 prodit
720 667 885 737 materia.
904 667 990 737 Non
1002 679 1126 738 tamen
1138 722 1149 756 ‚
1163 669 1193 756 si
1207 669 1283 740 isto

273 785 401 857 colore
415 782 552 854 infecta
571 807 649 854 non
668 781 825 880 prodeat
838 838 850 870 ‚,
869 769 1052 855 continno
1070 786 1205 857 cariem
1225 809 1286 858 sn·

233 923 234 927 ’
273 903 401 988 besse,
421 899 638 998 negandum
658 913 723 971 est.
749 903 843 970 Nam
862 902 891 972 si
910 899 989 972 haec
1011 925 1165 1000 parvam
1188 905 1284 976 ossis
1305 895 1308 900 ⁵

272 1045 353 1092 non
368 1019 480 1090 crassi
504 1031 647 1116 partem
673 1033 855 1116 occupet,
882 1020 987 1090 carni
1007 1034 1133 1092 autern
1164 1019 1285 1094 subsit

272 1137 416 1224 multu,
442 1151 478 1208 et
501 1137 634 1234 amplis
654 1133 791 1208 ulceris
819 1137 962 1209 sinibus
990 1154 1195 1227 excavatae3
1222 1137 1284 1211 vel

274 1256 354 1326 haec
374 1277 449 1325 una
462 1251 612 1326 efficere
624 1277 734 1326 causa
753 1269 956 1352 potest‚ne
974 1253 1077 1328 fusca
1095 1271 1287 1354 exeutper

217 1423 224 1438 .
274 1371 413 1446 ulceris
441 1371 628 1443 orificium
650 1372 827 1461 materia,
862 1374 1004 1472 quippe
1026 1400 1113 1447 curn
1138 1375 1286 1472 pauxil-

276 1493 355 1563 lum
373 1491 476 1588 quod
491 1516 535 1562 ex
546 1513 628 1562 osse
638 1505 703 1578 est,
712 1491 877 1588 plurimo
890 1515 985 1590 pure
1002 1491 1105 1589 quod
1116 1517 1160 1563 ex
1172 1513 1293 1564 carne*

202 1666 205 1673 .
277 1609 411 1698 effluit,
428 1611 609 1706 permisto
630 1607 917 1696 diluatur,ctsie
936 1607 1290 1682 luscusillinscoler

278 1729 499 1799 occultetur.
514 1727 626 1817 Quod
641 1728 679 1796 in
687 1730 829 1798 Veneta
838 1725 989 1823 juniore
1007 1741 1289 1800 matronaanno

288 1845 381 1944 1736
401 1843 578 1917 accidisse
605 1859 710 1968 porto
732 1845 830 1932 scic,
862 1846 924 1915 cui
947 1867 1106 1943 magnus
1126 1847 1167 1916 in
1198 1843 1296 1916 alte*

129 2033 133 2040 ,
174 2059 176 2062 ¹
275 1963 357 2036 rius
376 1963 497 2036 clunis
506 1961 621 2035 latere
631 1954 784 2034 innatu's
802 1963 1012 2050 abscessus,
1031 1987 1103 2035 nce
1113 1963 1186 2035 nisi
1202 1985 1290 2035 sero

280 2095 448 2182 apertus,
477 2081 656 2169 internis,
673 2081 911 2178 externisque
936 2081 1080 2154 auxiliis
1100 2069 1289 2154 ineassum

277 2200 355 2295 jem
374 2200 441 2271 diu
459 2199 670 2272 curabatur.
703 2203 835 2296 Itaque
852 2200 956 2297 puris
980 2199 1108 2271 colore
1132 2201 1291 2273 minime

249 2409 251 2416 y
284 2315 390 2390 fusco
409 2317 553 2388 tamdiu
573 2315 745 2414 chirurgi
765 2341 813 2386 ne
836 2317 971 2388 cariem
995 2297 1295 2416 suspicerentur,

285 2435 436 2534 decepti
455 2451 565 2523 sunt,
588 2434 710 2507 donec
727 2457 797 2532 per
815 2445 897 2506 eam
915 2435 1180 2532 respondentis
1199 2437 1294 2508 ossis

281 2553 388 2624 ilium
406 2568 550 2651 partem
564 2578 646 2650 quae
663 2555 761 2625 circa
782 2553 862 2650 ejus
880 2553 1067 2642 medium,
1086 2555 1125 2624 in
1143 2551 1295 2626 leininis

280 2673 506 2768 praesertim,
528 2669 663 2768 hisque
673 2671 908 2766 junioribus,
928 2695 1003 2769 prae
1014 2672 1195 2744 tenuitate
1216 2672 1296 2770 pel·

283 2788 405 2878 lucet,
419 2775 496 2885 jtim
508 2791 606 2860 carie
621 2812 789 2879 exesam,
810 2789 1005 2887 specillum
1021 2787 1131 2860 nullo
1140 2790 1294 2886 negotio

284 2907 324 2976 in
343 2909 484 2980 ventris
510 2930 643 2978 cavum
660 2909 819 2979 transire
838 2904 1195 2978 animadverterunt.
1216 2909 1296 2980 Nec

286 3022 425 3094 dubito
457 3025 550 3120 quin
583 3030 695 3096 osseae
719 3023 817 3097 illius
845 3027 964 3123 partis
989 3013 1234 3113 tenuites‚'ut
1253 3025 1296 3094 in

287 3166 329 3212 ea
349 3141 511 3237 optima,
527 3155 563 3213 et
580 3141 728 3213 meliori
742 3157 842 3214 sorte
855 3139 968 3240 digna
989 3157 1183 3228 matrona,
1204 3139 1296 3212 faci·

283 3257 416 3328 liorem
435 3261 539 3354 puris
558 3261 757 3333 transitum
781 3261 820 3332 in
837 3261 980 3335 ventris
1006 3283 1141 3330 cavum
1165 3257 1294 3330 reddi-

284 3375 359 3461 dit,
378 3376 429 3445 sic
449 3377 487 3445 in
509 3377 590 3448 aliis
607 3377 748 3476 quibus
767 3377 958 3478 profunda
985 3377 1145 3448 vulnera
1175 3401 1295 3474 punc·

283 3491 352 3562 tim
370 3491 417 3562 ed
435 3518 521 3564 eum
536 3495 663 3566 locum
683 3491 924 3594 infligantur,
939 3521 1018 3566 non
1031 3492 1183 3565 difficile
1195 3487 1295 3567 ensis

252 3605 262 3664 l
284 3633 509 3682 mucronem
527 3605 1134 3687 ad'intestinalaedendaadmittat.
1153 3615 1296 3684 Contra

284 3724 388 3798 haud
403 3754 488 3801 raro
506 3731 660 3819 accidit,
671 3747 715 3831 ut
731 3733 876 3831 specilli
892 3755 968 3830 quo
989 3732 1029 3801 in
1044 3729 1217 3802 ulcerum
1236 3755 1297 3802 ex·

284 3844 497 3942 ploratione
529 3849 587 3920 usi
619 3864 724 3939 sunt,
751 3850 878 3922 colore
904 3851 1094 3948 inspecte,
1128 3847 1296 3946 chirurgi
1337 3899 1341 3904 -

285 3962 414 4060 plures
429 3965 569 4038 malum
589 3969 848 4066 praenunciare
869 3991 948 4040 non
977 3965 1170 4056 dubitent,
1189 3965 1294 4056 haud
