2836 4648
125 477 232 528 mnv.
247 467 1031 530 neannrnmsannm.summouerrsrmxx.
1058 449 1132 545 689

126 587 401 664 ostendendam
414 583 574 684 figuram
589 585 686 666 satis.
697 587 776 657 Nec
789 583 899 722 plurp
908 583 980 658 hac
992 585 1129 684 hyeme
1186 613 1192 622 ‘

125 709 307 786 cadavera
340 704 604 789 dissecuimus‚
626 698 691 776 sed
716 727 761 774 ex
785 701 924 775 horum
942 704 1023 776 aliis
1042 705 1130 778 alias
1189 741 1192 752 =

123 831 250 926 partes
279 848 363 922 quae
391 846 464 920 pro
496 820 624 892 minus
656 819 756 892 sanis
792 819 1130 911 substituerentur,

123 945 360 1043 accepimus,
380 954 417 1012 et
429 940 481 1012 sic
500 939 640 1010 nostris
658 952 777 1012 totam
788 940 1131 1038 complectentibus
1183 1009 1185 1013 .

122 1086 206 1136 rem
235 1060 486 1132 anatomicam
510 1055 844 1130 exercitationibus
874 1056 950 1129 hoe
975 1083 1132 1158 quoque

122 1204 242 1268 anno,
257 1203 324 1278 qur
314 1175 391 1250 ab
410 1189 585 1273 suscepto
603 1173 678 1246 hoe
699 1175 918 1280 gravissimo
939 1175 1043 1248 illam
1061 1194 1132 1250 tra·
1215 1208 1219 1216 ·
1292 1213 1295 1220 ·

122 1295 240 1368 dendi
272 1318 430 1366 munere
453 1293 608 1390 quintus
630 1291 743 1364 nobis
764 1290 834 1364 fuit
861 1309 899 1366 et
930 1293 1133 1394 quadrage-

121 1416 258 1505 simus,
267 1413 394 1486 finem
407 1409 513 1482 haud
531 1408 752 1481 infeliciter'
744 1414 1003 1508 imposuimus.

174 1559 230 1604 ιι.
249 1530 363 1623 Quod
380 1529 572 1627 reliquum
584 1541 655 1616 est,
679 1529 709 1600 si
729 1525 826 1600 forte
842 1530 990 1603 miraris
1006 1557 1068 1605 me
1084 1535 1129 1604 in

119 1650 180 1724 his
193 1649 327 1722 litteris
346 1645 663 1720 consuetudinem
675 1647 803 1719 minus
824 1672 987 1720 servasse
1006 1675 1130 1723 meam

121 1769 169 1842 ad
189 1768 365 1842 historias
382 1765 558 1838 videlicet
585 1762 663 1838 fere
685 1765 852 1864 singulas
868 1765 1031 1864 aliquid,
1050 1771 1129 1841 imo

120 1886 314 1961 interdum
342 1885 507 1984 plurima
530 1883 761 1978 adnotandi,
793 1899 830 1956 et
856 1899 1006 1983 contra,
1036 1911 1131 1984 quas
1216 1933 1217 1939 κ
1313 1926 1316 1938 ·

119 2007 220 2077 inter
249 1997 513 2104 dissecandum
546 2003 744 2074 varietates
771 2000 1128 2094 animadverteram,

119 2125 182 2194 vix
196 2146 351 2221 paucas,
370 2145 442 2194 nec
460 2143 555 2220 saepe
570 2118 665 2191 adeo
681 2119 973 2194 dissectionibus
985 2122 1130 2219 interji·

120 2238 268 2330 ciendi;
288 2236 393 2340 quod
405 2236 453 2310 ad
471 2238 639 2336 primum
652 2238 864 2327 attinet‚sic
878 2236 1129 2328 babet0‚non

118 2355 275 2445 fecisse,
305 2372 386 2430 tum
404 2359 493 2456 quia
513 2358 589 2429 cito
615 2354 721 2454 quod
749 2356 942 2454 pollicitus
962 2353 1107 2430 fueram
1115 2412 1127 2445 ,
1182 2375 1184 2380 ’

118 2477 268 2547 mittere
285 2475 446 2574 placuit,
469 2489 551 2547 tum
567 2477 655 2573 quia
673 2473 720 2546 de
737 2474 928 2574 plerisque
947 2475 1129 2572 ejusdem-

117 2589 224 2662 modi
244 2594 324 2690 jam
350 2593 438 2666 satis
464 2593 584 2664 multa
606 2606 664 2664 tot
684 2591 764 2664 aliis
781 2591 950 2691 epistolis
973 2592 1130 2666 adnota-

125 2731 265 2780 veram:
283 2708 388 2808 quod
405 2731 497 2781 vero
513 2709 561 2782 ad
582 2709 742 2782 alterum
762 2723 925 2808 spectat,
951 2734 1031 2782 non
1051 2726 1129 2782 tam

118 2823 249 2900 fecisse
268 2851 318 2900 ne
335 2829 507 2901 litterula
524 2827 581 2900 hae
597 2826 667 2900 tibi
684 2825 780 2898 forte
801 2825 1023 2901 viderentur
1049 2854 1129 2904 esse

116 2945 329 3036 breviores,
343 2970 458 3046 quam
466 2948 646 3046 quiaspes
653 2945 873 3043 jamincipit
882 2969 941 3018 me
944 2945 1127 3044 deficere,

117 3077 266 3138 tantum
280 3063 376 3134 mibi
397 3063 524 3136 adhuc
538 3063 691 3135 vivendi
708 3079 857 3163 tempus
876 3061 958 3135 fore
975 3080 1018 3137 ut
1032 3091 1128 3140 seor-

118 3205 203 3254 sum
213 3207 254 3251 m
264 3155 1125 3282 unumcolligamquasomittebam,varietateS,

118 3312 156 3370 et
176 3299 401 3396 complura
391 3315 483 3374 rtem
503 3299 644 3399 quibus
663 3325 744 3376 esse
766 3301 918 3373 locum
909 3318 1009 3374 mter
1025 3327 1128 3374 mor·
1186 3351 1191 3364 ι

116 3413 294 3488 bidarum
309 3420 474 3514 partium
488 3417 779 3518 descriptiones,
800 3418 1008 3492 identidem
1021 3444 1129 3516 nega-
1148 3411 1160 3438 ⁴·

115 3533 207 3606 bam
222 3556 361 3634 nempe
370 3533 697 3614 observationibus
712 3535 942 3635 quibusdam
954 3537 1047 3608 meis
1057 3591 1067 3625 ,
1078 3537 1129 3608 ad

114 3645 719 3750 anatomenearumdempartium
728 3653 939 3727 seeundum
951 3667 1127 3726 naturam

114 3767 403 3866 pertinentibus.
422 3771 639 3870 Utrumque
659 3771 775 3870 igitur
785 3795 856 3868 pro
868 3787 931 3844 tua
946 3771 1125 3870 humani-

55 3981 56 3985 *
114 3899 190 3960 tate
202 3887 301 3986 aequi
315 3885 485 3986 bonique
501 3885 632 3976 facies,
650 3895 688 3960 et
704 3885 858 3960 valebis.
891 3957 894 3964 ,
1003 3877 1007 3884 ’

223 4029 349 4082 rmus
383 4029 503 4096 ιιιιιιι
542 4029 705 4090 erurr
741 4031 794 4078 nr
834 4030 1017 4084 ιιιιιιιι.
