2746 4662
265 377 342 468 ’184
432 398 481 448 oz
506 393 653 449 summu
675 395 723 446 m
744 391 869 446 ciuus
893 391 1103 444 uounoaun

266 536 359 586 rene
378 511 541 584 calculos
565 511 631 607 qui
650 507 767 580 muris
789 507 990 604 imaginem
1019 505 1098 603 (1),
1127 504 1279 580 nedum

269 631 337 728 qui
349 630 477 702 coralii
488 629 541 725 (α)
551 637 872 724 repraesentarent.
901 622 1126 696 Eustachius
1145 639 1281 696 autem

270 749 337 846 qui
362 749 522 845 primam
553 742 630 814 fece
662 744 833 814 omnium
862 738 1112 814 coraliformis
1137 740 1281 812 calculi

270 863 571 937 observationem
592 861 810 958 proposuit,
839 859 929 930 satis«
942 857 1128 954 ejusmodi
1143 855 1285 956 figurae

270 1003 418 1052 causam
435 977 612 1048 indicavit
623 977 691 1073 (3).
706 973 921 1048 Secundum
939 1000 1053 1072 quam
1072 974 1283 1048 Piccolho-

270 1099 396 1169 minus
410 1095 464 1192 (4)
485 1109 612 1194 postea
630 1095 749 1166 muris
778 1117 934 1190 quoque
953 1090 1112 1164 formam
1136 1093 1177 1164 in
1197 1091 1282 1163 cal·

273 1212 360 1286 culo
376 1211 572 1310 explicavit
588 1211 636 1284 ab
654 1236 693 1283 se
709 1209 909 1309 descripto.
938 1210 1053 1306 Cujus
1073 1209 1303 1292 historiams
1343 1205 1347 1213 ’

273 1331 305 1404 si
330 1355 375 1400 ex
398 1331 483 1426 ipso
499 1343 655 1400 auctore
677 1330 717 1398 in
744 1325 1034 1424 Sepulchretum
1059 1323 1189 1398 suisset
1213 1349 1283 1397 re·

272 1447 375 1534 lata,
410 1445 570 1517 lectores
596 1460 682 1544 post
714 1470 795 1542 quae
828 1458 1074 1543 symptomata
1101 1457 1283 1542 repertus

275 1578 394 1651 esset,
414 1587 493 1633 non
506 1564 738 1660 ignorarent.
757 1565 879 1660 Igitur
893 1576 936 1632 ut
953 1560 1186 1632 calculorum
1205 1585 1285 1631 ma·

273 1681 367 1752 teria
382 1680 420 1749 in
436 1679 556 1778 pelvi,
579 1679 763 1776 initioque
774 1680 932 1750 ureteris
958 1677 1144 1768 subsistit3
1163 1679 1216 1751 sic
1235 1679 1280 1748 in
1308 1743 1312 1752 .

273 1821 355 1868 cam
374 1794 533 1895 figuram
545 1791 806 1867 conformatur
827 1819 1063 1893 quaescorpus
1077 1849 1089 1884 ,
1105 1810 1142 1866 et
1162 1809 1282 1893 caput

274 1913 412 2002 muris,
433 1927 497 1984 aut
507 1937 594 2010 quae
605 1911 798 1984 caudicem
819 1913 949 1984 'coralii
963 1913 1101 1984 refert:
1123 1927 1167 1984 ut
1183 1936 1281 1986 vero

162 2065 164 2082 =
274 2031 387 2104 simul
412 2031 452 2101 in
479 2030 624 2102 tubulis
649 2030 715 2125 qui
744 2030 784 2098 in
812 2029 950 2128 pelvim
982 2027 1201 2116 confluunt,
1224 2031 1282 2101 ita

273 2145 430 2219 caudam
440 2147 577 2232 muris,
593 2159 629 2216 et
640 2143 769 2233 tibias,
784 2160 848 2215 aut
867 2170 991 2226 ramos
1004 2146 1133 2218 coralii
1144 2172 1282 2244 reprae·

225 2297 227 2304 2
274 2277 408 2335 sentat.
428 2261 597 2332 Obsessis
613 2275 737 2332 autem
755 2258 802 2332 ab
818 2261 1003 2357 ejusmodi
1029 2263 1175 2335 calculo
1193 2264 1279 2363 ple·

273 2381 421 2476 risque,
441 2387 505 2449 aut
526 2375 702 2450 omnibus
727 2401 820 2476 quas
836 2381 1132 2469 nominavimus,
1156 2385 1280 2454 urinae

274 2496 363 2585 viis,
381 2495 678 2593 compressisque
697 2477 1031 2595 minim-isattiguis
1051 2498 1281 2570 instrumen-

274 2615 325 2685 tis
342 2637 411 2711 per
431 2637 511 2709 quae
530 2614 610 2710 ipsa
628 2635 650 2682 a
674 2613 854 2710 sanguine
875 2629 1088 2712 separatur,
1109 2639 1198 2690 sane
1220 2619 1280 2688 in·

272 2731 413 2828 telligis
442 2743 484 2800 ut
512 2729 592 2826 ejus
612 2731 790 2818 secretio,
822 2744 937 2826 atque
966 2733 1129 2804 excretio
1152 2733 1278 2805 minui

275 2847 462 2934 debeant,
489 2861 553 2918 aut
578 2841 657 2918 hae'c
682 2847 792 2917 etiam
823 2848 982 2918 omnino
1010 2849 1184 2948 intercipi
1196 2905 1211 2940 ,,
1238 2865 1279 2924 et'

273 2965 346 3036 nisi
357 2963 406 3034 ab
425 2977 579 3049 natura,
594 2977 657 3032 aut
674 2961 721 3032 ab
738 2977 837 3050 arte,
854 2977 918 3036 aut
936 2963 987 3036 ab
1007 2980 1167 3065 utraque
1186 2964 1278 3040 fera·

274 3097 338 3153 tur
357 3080 554 3160 auxilium,
575 3079 750 3176 incipere
758 3079 926 3179 hydrops
943 3079 1043 3171 fieri,
1061 3099 1126 3156 aut
1139 3109 1273 3184 magna

221 3299 225 3306 .
275 3199 345 3269 alia
358 3195 450 3266 oriri
465 3219 571 3266 noxa.
590 3195 705 3268 Vides
714 3197 848 3295 igitur,
864 3195 966 3314 ¹und'e
988 3202 1092 3274 nasci
1105 3201 1276 3302 hydrops

267 3392 1270 3424 —mm

314 3520 716 3600 (1)L.3,s.2a‚obs.26,
735 3525 791 3597 §6⁶

313 3621 358 3699 (a)
378 3621 456 3678 lbid.
469 3619 532 3678 obs.
548 3641 595 3694 av,
611 3627 627 3694 ς
643 3631 659 3690 4
673 3636 701 3682 ot
714 3644 794 3704 seq„
814 3637 843 3684 et
859 3645 884 3685 s.
902 3624 939 3686 25
949 3669 960 3700 ‚1
983 3625 1048 3684 obs.
1063 3641 1120 3701 ao,
1133 3639 1163 3686 et
1177 3647 1200 3688 s.
1214 3629 1274 3702 28,

271 3724 336 3782 obs.
351 3721 400 3783 26·
559 3743 561 3748 ·

314 3819 359 3898 (3)
377 3820 445 3876 Vid.
460 3822 475 3890 §
491 3828 507 3888 4
520 3821 571 3878 cit.

308 3917 356 4002 14)
376 3923 411 3978 L.
429 3939 445 3976 2
458 3931 538 3976 anat.
550 3919 682 3996 praelect.
694 3921 752 3980 23..
