2700 4660
122 493 188 540 cir.
201 489 251 538 ir.
269 483 670 544 panormitanensi..
685 473 758 534 etc.
776 485 887 536 misr.
904 486 975 534 mx.
1005 465 1075 554 aaa

78 603 242 702 exempla
259 617 384 672 tecum
397 599 577 697 protinus
595 596 900 670 communicabo.
924 601 1011 697 Ejus
1025 618 1080 675 est

79 717 148 792 hoc
166 720 346 818 primum.

124 839 155 910 3.
171 836 309 908 Mulier
325 859 447 906 annos
463 847 549 904 nata
557 830 603 904 ad
619 833 824 929 sexaginta,
835 835 911 930 jam
927 861 1078 936 pransa,

80 943 242 1052 pastillos
276 950 461 1050 quosdam
490 975 536 1022 ex
566 949 792 1048 amygdalis,
819 953 856 1021 in
886 957 1082 1051 superiore

78 1071 208 1142 adium
221 1085 329 1168 parte
345 1069 551 1166 sepositos,
570 1067 668 1138 clam
686 1065 868 1159 domino,
894 1073 960 1168 qui
977 1095 1083 1170 sepo·

81 1201 223 1276 suerat,
258 1185 462 1261 devoravit.
498 1189 635 1256 Exacta
669 1185 731 1255 via
768 1185 889 1268 hora,
926 1188 1085 1260 molesto

83 1303 244 1402 quodam
274 1303 476 1376 ventriculi
507 1325 622 1374 seusu
644 1305 790 1400 corripi
811 1306 945 1403 coepit,
979 1307 1088 1402 quasi

84 1420 229 1493 flatibus
266 1434 476 1491 vexaretur.
520 1423 607 1510 Quo
634 1419 779 1492 diutius
805 1438 1021 1518 perstante,
1051 1439 1088 1496 et

85 1537 169 1610 dein
182 1539 303 1636 magis
319 1539 510 1636 magisque
530 1537 830 1635 ingravescente,
844 1524 954 1636 plura
972 1555 1010 1612 et
1026 1565 1088 1612 vo-

87 1655 191 1743 muit,
208 1670 251 1726 et
269 1653 425 1750 deiecit:
443 1654 573 1750 sicque
593 1653 708 1724 levari
729 1657 806 1727 ilisa
824 1671 888 1728 est.
911 1649 983 1729 Sed
1000 1681 1089 1732 mlix

82 1773 253 1869 graviore
272 1771 464 1856 molestia,
483 1795 555 1842 nec
575 1772 656 1842 sine
676 1772 871 1868 deliquiis,
891 1775 1090 1862 redeunte,

87 1889 234 1962 tandem
265 1889 474 1986 aliquando
505 1887 596 1985 quid
620 1889 864 1976 commlisset,
890 1889 992 1970 lassa.
1011 1907 1090 1980 est;

88 2007 203 2090 serius
227 2023 381 2092 maren,
405 2029 519 2102 quam
536 2005 777 2102 oportuisset.
801 2006 860 2074 llli
885 1993 1092 2104 enim'pas·

87 2123 152 2194 tilli
175 2123 222 2196 ad
239 2121 526 2195 interficiendos
555 2145 680 2198 mures
705 2123 842 2219 parati,
875 2125 1088 2218 arsenicum

91 2239 496 2315 admistumliabelrant
512 2225 1092 2337 Itaqueimra·horamabeorum

93 2381 156 2430 eeu
190 2357 455 2433 duodecimum
487 2357 623 2428 virium
659 2358 785 2454 potius
822 2357 951 2455 lapsu,
977 2385 1092 2457 quam

92 2475 296 2549 acrioribus
317 2473 534 2561 doloribus,
558 2488 624 2545 aut
653 2472 858 2546 manifestis
878 2478 1093 2548 convulsio-

91 2591 195 2668 nibus
213 2591 367 2680 diem,
384 2607 588 2664 mortesua
599 2593 808 2663 miserrima
825 2595 1092 2690 airuspuerilis

92 2711 180 2806 gulae
190 2733 326 2810 poeuas
339 2709 420 2780 luit.

138 2821 304 2900 ¹Cadaver
327 2826 482 2924 publico
505 2826 613 2921 jussu
643 2823 1094 2924 postridieinspectum,

92 2962 308 3043 sectamque
326 2960 401 3032 est,
424 2943 492 3041 qui
504 2942 588 3014 dies
605 2939 678 3014 fuit
696 2941 846 3012 circiter
865 2966 984 3015 nonas
1003 2946 1093 3020 maii

95 3064 177 3133 anni
209 3085 315 3160 ipsa.
342 3061 468 3134 Facies
488 3059 661 3157 corporis
687 3059 897 3156 posterior,
918 3081 972 3130 ne
994 3063 1094 3134 suris

95 3177 1094 3275 quidem,etoalcilrusexceptis,totaeratnigra.Cor-
1178 3161 1218 3222 Γ

95 3317 161 3389 pus
184 3298 309 3395 ipsum
333 3319 413 3368 non
435 3293 609 3392 rigidum.
636 3299 780 3366 Venter
803 3319 882 3364 non
899 3294 1091 3368 tumidus:

97 3435 188 3508 quo,
210 3431 247 3488 et
265 3413 480 3486 aeutmculo
500 3409 842 3510 adipeam-liujus
860 3411 1020 3482 interior
1040 3411 1094 3482 fa-

96 3529 170 3602 ates
185 3530 248 3619 liic
265 3531 476 3617 illicacta,
498 3529 704 3626 prasertim
722 3525 769 3597 ad
781 3537 931 3597 antrum
953 3530 1095 3625 pylori,

101 3665 293 3747 conspecta
307 3650 380 3736 est,
403 3646 617 3717 adhaerente
641 3646 758 3716 erosis
780 3639 972 3741 partibus,
996 3645 1096 3716 ineer

102 3767 333 3838 membraneo
344 3763 479 3850 frusta,
494 3761 663 3834 arsenico
674 3765 767 3860 ipso.
782 3761 859 3834 Nec
872 3760 1095 3831 duodenm

103 3879 311 3956 intestinum
334 3880 572 3954 erosiouibus
597 3877 757 3950 carebat.
790 3879 835 3949 ln
863 3875 1018 3950 thorace
1038 3881 1096 3947 ni·

106 3999 279 4090 gricautes
295 4000 516 4102 pulmones:
530 3998 571 4070 in
587 3994 702 4070 cord-e
711 3992 903 4092 polyposae
915 3992 998 4068 aaa
1011 4018 1098 4109 con·

229 4133 231 4139 .
865 4159 867 4166 γ
891 4108 951 4180 164
