2824 4652
78 417 1013 524 nru.v.urnpunrursretruseramou.nr1srmx1vss
1031 424 1097 504 tn

73 562 239 658 januari
261 558 348 633 finis
371 563 460 632 anni
482 551 587 658 1754,
609 551 752 632 haecfin
779 565 911 636 ventre
931 563 1100 636 animad-

79 679 203 749 verti.
217 681 320 751 Intra
332 679 450 748 imum
466 679 686 750 intestinum
701 693 847 766 rectum
863 677 1103 753 haemorrhoi-

73 795 194 867 ·dalia
218 794 415 868 tumebant
438 797 533 868 vasa.
561 793 743 868 Intestina
763 797 927 894 reliqua,
955 811 995 869 ut
1010 793 1102 870 ren·
1171 845 1173 850 ·

81 913 256 986 triculus
284 939 454 1012 quoque,
473 929 510 986 et
532 937 728 1012 pancreas,
754 929 790 985 et
808 913 903 1002 lien,
925 939 1023 988 sana.
1056 921 1102 992 In

81 1008 275 1104 mesaraeo
291 1028 444 1130 quidem
466 1029 649 1130 glandulae
667 1048 773 1103 erant
787 1033 931 1130 aliquot
952 1059 1021 1132 pro
1038 1033 1103 1106 illa

80 1165 202 1222 aetate
223 1153 303 1220 non
324 1149 488 1248 exiguae,
508 1173 578 1223 nec
594 1167 720 1222 tamen
741 1151 933 1223 morbidae.
961 1139 1102 1226 Sanum

83 1291 253 1366 quoque
282 1268 409 1364 jecur,
435 1267 606 1364 quamvis
632 1267 671 1337 in
706 1291 746 1340 se
777 1277 1032 1354 contractum,
1064 1283 1102 1344 et

82 1407 276 1484 parvum,
307 1385 470 1457 vesicula
494 1401 618 1456 autem
647 1384 799 1456 valdea
828 1384 903 1458 bile
929 1385 1100 1460 distenta.
1131 1413 1133 1423 ⁴

81 1507 243 1594 Renes,
281 1505 311 1576 si
346 1499 570 1576 exteriorem
601 1501 738 1576 'laniem
776 1505 987 1602 aspiceres,
1011 1494 1102 1577 'non

31 1673 42 1698 .
84 1622 239 1719 optime
260 1619 463 1693 constituti.
486 1621 626 1693 Vesica·
639 1635 763 1692 autem
783 1619 937 1722 optime.
954 1627 1102 1696 Interea

84 1739 288 1840 scrotum,
301 1738 348 1810 de
376 1763 455 1836 quo
476 1758 675 1837 nunquam
692 1753 768 1835 tam
792 1738 909 1836 longo
929 1755 1101 1838 tempore

85 1871 252 1954 questus
268 1857 307 1926 in
328 1855 551 1958 nosocomio
573 1880 686 1929 senex
704 1854 846 1943 fuerat,
872 1857 1102 1930 animadver-

86 1997 180 2046 sum
205 1989 259 2046 est
276 1975 456 2072 utrinque
482 1973 619 2081 morbo
638 1955 874 2059 uonvacare.
908 1973 1101 2047 Adext'ris
1216 2051 1219 2064 y

85 2093 199 2162 enim
216 2093 316 2163 intra
333 2080 542 2191 uaginalem
565 2085 754 2182 tunicam,
779 2107 861 2190 quae
883 2117 964 2164 nou
984 2093 1103 2190 magis
1215 2102 1219 2110 “

85 2223 177 2296 erat
189 2206 355 2309 madida,
371 2233 484 2308 quam
501 2209 709 2284 secundum
717 2224 917 2299 naturam,
936 2208 1101 2292 calculos

85 2323 418 2423 deprehendimus
433 2326 547 2417 duos;
565 2325 735 2424 undique
756 2327 921 2410 solutos,
939 2327 1103 2398 alterum·

86 2444 368 2538 majusculum,
385 2443 545 2516 alterum
565 2441 784 2533 minimum,
803 2453 1010 2542 utrumque
1031 2443 1102 2514 du-

85 2583 194 2631 rum.
223 2560 377 2632 Sinistra
407 2565 534 2632 autem
560 2561 763 2660 vrginalis,
795 2560 955 2632 crassior
986 2558 1101 2648 facta,

86 2674 245 2748 nullum
259 2677 461 2766 calculum,
476 2676 541 2750 sed
553 2701 688 2775 aquam
700 2677 917 2770 continebat
927 2672 1099 2765 multam,

87 2793 225 2867 colore
240 2795 406 2868 lixivium
418 2791 655 2867 referentem.
675 2795 847 2868 Crassior
853 2817 1008 2894 quoque
1021 2809 1101 2867 erat

87 2937 135 2984 ea
158 2934 244 3012 pars
260 2915 357 2992 vasis
376 2935 505 2987 semen
519 2910 735 2998 deferentis,
751 2937 832 3012 quae
849 2914 947 2984 iutra
961 2931 1099 3012 aquam

91 3045 195 3115 erat,
221 3029 263 3103 ut
278 3031 390 3104 etiam
407 3019 632 3127 albugines,
654 3054 737 3130 quae
755 3031 1009 3104 convestiebat
1025 3035 1100 3130 epi·

91 3145 345 3246 didymitlem,
358 3148 493 3245 majori
506 3147 700 3222 ltiutractu
715 3147 760 3220 ad
772 3148 1099 3222 testiculumarcte

92 3253 134 3338 se
159 3281 441 3354 annectentem,
465 3263 710 3364 quam'solet.
741 3267 820 3356 Nec
848 3285 969 3365 prope
1001 3263 1099 3354 illius

93 3383 330 3482 superiorem
342 3383 503 3483 'globum
528 3385 798 3484 corpusculum
816 3383 949 3457 deerat'
962 3385 1100 3457 subro-
1145 3435 1146 3444 η

93 3501 276 3587 tundam,
304 3501 350 3572 ex
379 3499 582 3600 'albuginea
611 3513 775 3588 exstans,
812 3503 924 3600 quale
954 3504 994 3572 in
1023 3503 1099 3572 hoc

94 3615 319 3718 hydroceles
339 3621 476 3718 genere
491 3621 664 3692 invenire
683 3644 756 3691 nos
768 3619 897 3692 solitos
911 3643 1005 3706 esse,
1020 3617 1101 3688 aliis

97 3737 144 3808 ad
166 3753 203 3810 te
228 3739 362 3811 litteris
389 3741 424 3836 (ι
446 3739 696 3836 scripsimus.
719 3737 871 3808 Thorax
901 3734 1103 3834 pulmones

134 3981 182 4062 (1)
200 3981 295 4058 xpl,
314 4003 345 4040 u.
365 3971 803 4070 1¹9„etXl,lll‘‚n,.'16‘cts'eq.
883 3975 885 3981 Α
