2746 4662
288 395 356 472 128
448 419 496 472 nr
521 415 666 470 sarrana
691 417 734 464 nr
760 413 884 466 canen
910 411 1121 464 nouorum

289 551 421 618 tortus.
439 531 694 624 Quamobrem
718 555 763 602 ex
784 528 1015 602 nostratibus
1032 529 1209 628 quidam,
1228 527 1305 602 hac

291 653 495 738 memoria,
510 650 586 748 pati
601 649 815 720 maluerunt
838 646 943 746 quod
964 648 1054 719 olim
1073 647 1202 746 plnres
1222 647 1307 744 (r),
1364 659 1365 702 l

265 787 335 848 ,ut
346 771 418 842 sibi
435 790 565 846 rursus
575 762 838 864 frangerentur
855 789 959 855 ossa,
972 780 1010 837 ct
1025 765 1305 863 dirigerentur:

246 913 251 926 ·
285 888 404 985 idque
421 883 578 958 feciliter
595 884 745 956 cessisse
760 883 977 972 nonnullis,
997 886 1097 971 aci03
1117 881 1185 956 sed
1207 905 1313 952 con«

288 1020 367 1092 tra,
381 1003 470 1074 novi
482 1001 544 1072 hic
563 1000 752 1072 medicum
764 999 868 1072 haud
881 999 1116 1092 ineruditum
1126 1001 1197 1098 qui
1210 1023 1305 1071 cum
1364 1019 1365 1098 l

291 1121 364 1196 sibi
380 1119 499 1194 cruris
517 1141 617 1202 ossa,
642 1115 860 1190 conferrere
870 1119 948 1214 jam
964 1117 1206 1215 incipientia,
1226 1117 1307 1189 dis-
1364 1115 1365 1180 l

289 1238 400 1336 jungi
430 1261 451 1308 a
481 1234 678 1333 chirurgo,
695 1236 944 1333 permisisset3
964 1234 1054 1333 iude
1081 1237 1309 1333 gravissima

294 1369 562 1454 symptomata,
584 1368 621 1424 et
637 1368 799 1426 mortem
817 1354 1021 1426 accersivit.
1042 1355 1133 1443 Quae
1143 1377 1207 1428 res
1225 1351 1306 1424 for·

290 1489 414 1561 tasse,
433 1497 510 1570 quo
540 1486 711 1568 tempore
738 1468 956 1544 conferrere
981 1472 1165 1570 incipiant
1184 1469 1307 1544 fracta

296 1613 395 1678 ossa,
412 1605 449 1662 et
466 1615 543 1686 quo
564 1587 610 1660 ad
622 1586 830 1686 perfectum
846 1590 949 1660 inter
961 1613 1001 1662 se
1018 1587 1198 1660 coalitum
1219 1611 1308 1686 per·

293 1708 468 1780 veniant?
481 1712 569 1794 Res,
589 1707 727 1806 opinor
740 1759 752 1794 ,t
768 1705 1046 1802 ejusmodiest,
1068 1721 1108 1778 ut
1133 1708 1165 1778 si
1191 1707 1310 1778 ratio·

184 1882 186 1886 .
216 1825 223 1839 ’
294 1851 385 1911 nem
415 1811 645 1926 spectemus,
669 1849 740 1922 pro
760 1839 863 1898 certo
892 1839 1058 1920 nequeat
1077 1825 1122 1894 in
1148 1827 1309 1896 univer·

294 1969 379 2020 sum
397 1941 556 2016 deliniri.
577 1946 709 2040 Neque
729 1943 855 2031 enim,
881 1957 925 2014 ut
948 1941 1120 2040 gravidas
1143 1965 1308 2040 sepona-

297 2087 398 2148 mus,
424 2061 463 2131 in
495 2058 636 2157 quibus
655 2059 913 2132 ‘consolidatae
939 2057 1122 2132 fracture
1160 2058 1218 2130 ibi
1247 2059 1308 2128 vix

295 2203 418 2252 unum
436 2177 649 2276 exemplum
674 2177 851 2276 legimus,
875 2176 943 2250 ubi
962 2201 1042 2248 non
1062 2175 1307 2250 consolidata
1364 2211 1365 2282 p

296 2297 406 2396 plura
433 2292 617 2367 habemus
634 2295 706 2392 (a);
727 2320 872 2394 neque,
892 2297 1073 2393 inquam,
1092 2295 1307 2368 consolida·
1364 2285 1365 2288 ¹

295 2417 349 2504 tio
366 2429 442 2486 tam
463 2414 537 2486 cito
556 2414 730 2513 incipiet,
742 2429 806 2488 aut
822 2412 1044 2513 perficietur
1054 2415 1095 2484 in
1106 2415 1217 2512 aegris
1229 2437 1309 2485 eor·

295 2531 481 2633 poribus,
507 2555 619 2629 quarn
648 2533 831 2620 insanis,
864 2557 990 2628 neque
1006 2534 1107 2604 item
1132 2557 1178 2603 ex
1208 2531 1306 2604 sanis

297 2652 379 2751 pari
391 2649 580 2729 celeritate
596 2651 636 2720 in
651 2648 826 2737 senibus,
848 2671 892 2720 ac
917 2649 957 2719 in
985 2647 1224 2746 junioribus,
1244 2659 1307 2720 aut

295 2771 338 2856 in
353 2770 398 2842 iis
412 2766 589 2840 omnibus
605 2765 742 2863 quibus
755 2781 908 2838 autnon
923 2765 1054 2863 eadem
1067 2764 1306 2852 fracturasit,

297 2901 361 2958 aut
391 2910 469 2956 non
494 2883 624 2958 eadem
647 2881 871 2956 adhibeatur
910 2883 1068 2957 curandi
1094 2885 1201 2956 ratio.
1228 2887 1305 2957 Nec
1364 2887 1365 2944 l

297 3002 508 3089 pecualiter
521 3001 746 3096 experientia
760 2999 889 3089 docet,
919 3003 949 3074 si
963 3001 1130 3098 pericula
1151 3025 1238 3098 quae
1261 2998 1303 3072 clr
1364 3051 1365 3064 ,

297 3119 488 3192 llamelius
505 3117 559 3214 (3)
580 3113 666 3188 fecit
687 3119 726 3188 in
742 3117 864 3192 brutis
879 3117 1158 3207 animantibus,
1184 3135 1305 3192 atten-

299 3235 442 3328 damus.
466 3238 637 3332 Namque
660 3235 700 3306 in
723 3259 823 3332 aegro
839 3236 991 3310 animali
1005 3238 1139 3333 quinto
1155 3235 1303 3308 decimo

298 3380 320 3426 a
334 3351 496 3426 fractura
510 3353 571 3424 die
586 3353 744 3440 callum,
761 3377 841 3426 non
850 3367 916 3440 ,ut
928 3355 968 3424 in
978 3353 1059 3426 aliis
1075 3356 1158 3451 pari
1174 3379 1196 3426 a
1214 3353 1304 3426 frac-

296 3463 381 3546 tura
399 3470 595 3545 intervallo
606 3468 814 3569 perfectum
838 3471 1002 3560 invenit,
1022 3471 1088 3544 sed
1106 3497 1212 3570 aeque
1232 3473 1301 3542 im·-

295 3639 1303 3669 mmm—affl

335 3773 380 3852 (r)
397 3776 468 3833 tid.
484 3777 602 3858 Celsum
615 3775 651 3832 dc
668 3773 774 3830 medic.
786 3777 807 3831 1.
820 3775 854 3845 8,
870 3795 896 3832 c.
914 3795 965 3846 10,
982 3793 1077 3851 prope
1089 3773 1143 3846 fin„
1173 3825 1177 3834 ,

286 3905 290 3923 ι
336 3875 388 3961 (a)
400 3877 476 3950 Eph.
486 3877 567 3933 tte.
581 3875 643 3933 dec.
660 3893 690 3944 1,
703 3876 740 3930 Δ.
755 3893 785 3946 1,
800 3875 864 3957 obs.
881 3872 917 3930 25
933 3893 1001 3930 cum
1013 3872 1139 3932 scholio.

335 3977 380 4059 (3)
401 3973 742 4048 usm.de1ucad.roy.
757 3973 808 4032 des
819 3975 869 4034 Sc.
879 4013 888 4047 ,
897 3989 950 4036 un.
964 3981 1058 4050 1741,
1071 3978 1160 4032 mem.
1175 3991 1203 4036 a.

715 4156 724 4204 s,
