2746 4662
96 475 160 522 tte.
176 425 225 524 lV·
241 477 290 524 nt
302 474 441 524 MORBIS
454 474 650 542 culmurtca,
667 466 950 524 ete.1trtsT.Lvt.
983 475 1045 528 1'2'1
1153 479 1155 485 '

53 589 267 662 statimmali
285 591 422 662 ominis
441 606 528 662 sunt
544 605 760 678 consecuta,
775 589 834 662 his
852 589 1047 684 oblittera·
1107 689 1110 696 Ι

53 708 111 795 tis,
127 709 164 777 in
184 701 408 780 nosocomio
428 707 501 778 levi
520 707 615 780 adeo
642 733 729 780 cum
746 707 850 779 febre
868 709 1046 799 cubabat,
1088 751 1090 756 ·

56 841 92 895 ut
121 826 180 897 die
198 829 360 925 septimo
386 827 526 896 victum
541 842 715 924 posceret
733 828 857 898 minus
878 842 1044 916 tenuem,
1095 833 1098 840 ⁴
1120 909 1121 912 Ἴ

56 943 115 1018 Sed
130 943 279 1016 decimo
304 958 440 1042 quarto
464 967 551 1016 ecce
571 945 719 1041 gravior
739 942 853 1017 febris
873 969 960 1016 cum
982 941 1048 1015 fri-
1140 1003 1150 1020 .,
1180 955 1196 964 “

56 1085 132 1158 gore
148 1063 308 1160 ingruit,
325 1077 361 1134 et
378 1063 513 1134 mentis
530 1061 835 1160 perturbatione,
858 1087 960 1134 mors
981 1085 1057 1133 au·-
1089 1131 1091 1136 ,
1164 1048 1186 1072 ”

56 1192 120 1248 tem
132 1179 282 1251 decimo
296 1181 472 1278 septimo,
489 1177 777 1277 nullovunquam
794 1195 858 1251 aut
877 1179 1053 1292 bisce'ul·
1087 1166 1089 1172 ¹
1157 1169 1160 1180 ¹

55 1296 141 1367 timis
165 1296 316 1384 diebuS,
332 1313 397 1370 aut
421 1297 493 1369 illis
520 1287 709 1395 prioribus
733 1297 897 1368 thoracis
925 1295 1048 1402 affecti

56 1413 200 1502 iudicio,
220 1415 402 1514 nullaque
417 1414 723 1513 dehocquerela.
738 1417 877 1487 Mensis
887 1413 1050 1512 jamerat
1069 1442 1072 1483 :
1120 1479 1122 1482 .
1187 1507 1193 1521 x

59 1527 245 1606 december
256 1534 346 1618 anni
366 1531 470 1630 1745,
484 1557 561 1630 quo
573 1547 745 1630 tempore
760 1557 846 1604 cum
860 1532 913 1603 ibi
926 1541 1061 1605 essent
1151 1553 1157 1578 ³

61 1647 242 1749 discipulis
257 1675 364 1724 more
377 1653 626 1749 institutoque
645 1675 731 1722 meo
741 1641 850 1748 plura
863 1642 1050 1750 praemoris
1136 1636 1138 1642 ¹

60 1769 175 1842 tranda
191 1795 277 1868 quae
289 1771 397 1842 sicuti
410 1767 590 1858 thoracis,
601 1771 757 1857 ventris,
770 1783 806 1840 et
818 1783 969 1839 artuum
982 1767 1051 1838 dis·

63 1889 253 1961 sectionem
271 1886 535 1986 requirebant,
560 1889 589 1958 si
608 1888 738 1984 capitis
756 1885 949 1956 incidendi
968 1909 1051 1982 spa·
1088 1963 1090 1972 ,

63 2003 231 2095 tiumnon
244 2003 400 2092 dabant3
417 2003 492 2074 hoc
502 2005 833 2101 minimeapertum
846 2013 910 2074 est.
926 2000 1052 2072 luillo-

63 2144 135 2204 rum
143 2138 269 2194 autem
281 2122 449 2193 sectione
460 2120 539 2193 haec
555 2135 780 2219 suntpraeter
793 2136 964 2191 naturam
974 2119 1053 2188 ani·

64 2238 255 2311 madversa.
267 2239 446 2310 Thoracis
463 2239 622 2310 alterum
635 2263 767 2310 cavum
787 2238 901 2336 libras
920 2236 1053 2310 habuit

65 2355 102 2424 ad
119 2373 295 2454 quatuor,
309 2383 413 2456 aquae
431 2357 557 2430 colore
574 2358 672 2440 inter
686 2356 843 2428 viridem
862 2373 898 2428 et
915 2355 1053 2428 flavum

66 2473 194 2558 medio,
219 2475 379 2548 alterum
398 2475 517 2546 multo
537 2479 685 2563 minus,
715 2475 836 2547 illaesis
858 2491 985 2546 tamen
1014 2476 1055 2546 in

67 2604 212 2690 utroque
230 2592 489 2691 pulmonibus.
518 2597 562 2663 In
579 2591 789 2690 pericardio
805 2591 946 2664 humor
963 2617 1057 2690 qua·
1099 2609 1102 2616 “

69 2705 104 2778 lis
118 2711 228 2799 solet,
242 2735 314 2783 nec
331 2711 419 2809 plu's
438 2736 484 2782 eo
509 2709 594 2782 luit:
614 2735 681 2782 cor
698 2725 823 2782 autem
850 2711 995 2798 laxum,
1015 2713 1055 2780 in

69 2820 240 2927 hujusque
265 2829 433 2901 auricula
465 2828 617 2900 dextera
646 2828 830 2927 polyposa
863 2829 1055 2900 concretio

71 2941 158 3034 alba,
173 2927 537 3045 crassa,compacta.
564 2951 610 3018 In
632 2963 762 3019 ventre
784 2948 846 3016 vix
864 2945 1057 3036 aliudad·

73 3075 223 3134 notatum
245 3080 323 3154 est,
342 3089 457 3163 quam
477 3065 575 3136 uteri
586 3067 636 3162 ,iu
657 3066 817 3137 alterum
837 3065 933 3136 latus
952 3066 1057 3138 incli-

72 3173 166 3251 hatio.
184 3188 317 3254 Artum
330 3181 495 3280 denique
511 3183 617 3268 illum
637 3184 745 3280 cujus
762 3165 867 3271 crus,
881 3199 1058 3282 geuu‚,ut
1081 3250 1082 3255 ,

73 3295 250 3396 ridebatur
272 3325 352 3372 non
374 3301 637 3399 permittente,
662 3327 711 3373 ne
735 3303 874 3373 nostris
903 3301 1058 3399 quidem

74 3414 227 3488 manibus
239 3409 339 3490 flecti
353 3432 515 3516 poterat,
533 3435 734 3516 postquam
746 3415 833 3490 cum
852 3443 943 3491 sano
961 3445 1061 3491 com·

74 3551 294 3623 paraveram,
313 3537 446 3632 neque
456 3533 558 3606 aliud
569 3537 732 3608 exterius
747 3536 970 3624 discrimen,
988 3537 1073 3608 nisi
1166 3629 1168 3632 Ι

77 3649 165 3742 quod
184 3653 305 3724 rotula
322 3653 440 3750 magis
457 3653 708 3750 promineret,
727 3653 847 3726 oculis
862 3669 1061 3752 potueram

77 3762 344 3874 internoscere,
378 3771 540 3869 experiri
571 3772 736 3868 primum
773 3771 936 3868 placuit,
971 3795 1062 3840 num

79 3875 157 3954 sorte
170 3885 379 3966 extensore‘s
395 3888 682 3960 crurismusculi
692 3913 838 3986 ‚quaecu
845 3912 956 3983 mque
970 3873 1067 3959 esset

81 3999 126 4068 rei
144 4025 264 4094 causa,
283 4006 337 4080 sic
358 4004 652 4095 contenderent,
668 4021 711 4078 ut
734 4005 809 4076 hoc
827 4019 984 4103 propter
1001 4003 1067 4076 ad·
1164 4052 1166 4055 -

765 4275 784 4306 l
