2746 4662
155 428 234 482 mn.
246 409 296 480 rr.
308 427 354 480 or
365 427 503 480 aroneis
512 426 708 497 catanae„
724 421 793 480 eto.
807 431 919 482 rrrsr.
933 433 1021 482 nvn.
1052 411 1122 492 181,
1162 503 1163 508 Ἰ

89 543 230 618 fiebat
249 543 491 617 manifestius.
513 549 677 641 Eratque
705 545 784 618 haec
809 548 909 618 intra
926 546 1120 620 thoracem

93 664 239 736 multo
254 665 378 750 latior,
391 687 506 760 quam
521 663 664 759 justum
682 677 787 734 esset.
822 668 867 734 ln
884 663 998 734 corde
1017 665 1122 736 nulla

95 782 302 880 polyposa
321 759 535 866 concreti0,
556 794 592 852 et
610 781 672 850 viri
687 804 806 878 pauca
824 781 1016 879 sanguinis
1032 807 1121 880 por·

91 900 189 986 tio,
212 898 371 995 ejusque
399 899 576 996 spumosi.
604 897 677 970 Sed
700 923 825 996 neque
849 912 929 969 toto
958 921 1121 997 corpore

92 1017 281 1088 multum
313 1017 503 1112 sanguinis
534 1013 626 1098 fuit,
654 1017 684 1086 si
705 1016 835 1114 capitis
861 1017 1124 1114 integumenta

94 1133 300 1230 excipiast
325 1157 407 1230 quae
432 1133 522 1204 dum
548 1131 833 1219 inciderentur,
859 1135 1011 1232 sanguis
1039 1159 1120 1208 non

92 1251 157 1322 ita
179 1274 331 1349 paucus
349 1248 500 1321 effluxit.
521 1251 657 1328 Granio
674 1265 829 1348 aperto,
844 1265 977 1348 praeter
994 1275 1120 1322 serum

95 1367 223 1465 quod
237 1369 380 1455 inerat,
405 1365 665 1440 animadversa
684 1382 740 1440 est
753 1367 901 1448 cerebri
912 1367 1123 1456 substantia

97 1499 191 1556 tota
213 1484 397 1579 majorem
414 1485 454 1555 in
466 1485 625 1556 modum
633 1485 725 1556 laxa.

156 1627 222 1674 11.
236 1601 356 1674 Nimis
371 1615 408 1673 et
424 1602 561 1690 multa,
594 1617 631 1674 et
655 1604 781 1701 gravia
806 1617 944 1702 practer
966 1629 1009 1678 ea
1035 1629 1122 1703 quae

96 1716 311 1816 manifesta
331 1734 458 1808 eraut,
479 1718 645 1790 latebant
666 1720 706 1788 in
728 1715 803 1792 hoc
823 1746 1007 1820 corpore,
1034 1748 1121 1819 qua>

53 1853 58 1868 ·
96 1855 275 1924 naturae,
294 1851 330 1908 et
346 1837 419 1907 arti
432 1835 627 1908 obstarent
639 1837 681 1906 in
695 1835 886 1908 arthritica
903 1840 1058 1910 materia
1071 1838 1122 1910 ad

97 1953 293 2026 articulos
306 1952 528 2025 revocanda.
550 1955 685 2024 Larius
698 1953 799 2023 enim
815 1953 1014 2026 cerebrum
1030 1981 1120 2054 prae·

100 2071 297 2144 cedentes
323 2069 634 2167 quidemacapitis
650 2083 688 2140 et
704 2069 854 2142 auditus
876 2072 1056 2166 gravitas,
1081 2088 1122 2146 et

21 2273 23 2280 y
99 2188 152 2261 ad
166 2211 352 2260 somnum
363 2187 591 2286 proclivitas,
606 2185 841 2259 indicabant.
854 2186 929 2258 Sed
941 2189 1121 2260 laxumne,

99 2305 214 2388 adeo,
233 2301 375 2376 lactum
393 2318 546 2402 putares
573 2318 616 2375 ut
642 2327 711 2376 suo
742 2306 934 2404 praecipuo
968 2307 1120 2385 muneri

99 2424 288 2521 ineptum
304 2419 381 2494 fere
396 2424 475 2520 jam
494 2436 608 2510 esset,
632 2423 871 2520 aptissimum.
895 2447 985 2524 vero
1015 2425 1120 2495 exci-

99 2539 259 2642 piendae
276 2537 459 2611 arthritici
480 2539 553 2609 seri
572 2521 828 2636 copia·‚.unde
854 2554 1012 2610 externae
1022 2592 1039 2624 ‚‚
1055 2540 1118 2610 in-

99 2673 306 2755 ternaeque
327 2656 397 2726 illae
417 2655 704 2740 convulsiones‚
733 2654 873 2750 quihus
891 2654 1119 2752 praecordio·-

100 2799 198 2847 rum
218 2773 390 2870 angustia
408 2787 445 2844 et
460 2795 632 2857 summa,
648 2770 768 2840 illaesis
787 2770 953 2866 alioquin
971 2769 1120 2869 pulmo-

102 2891 228 2964 nibus
260 2891 374 2988 (intra
397 2913 493 2986 quos
512 2913 592 2960 xnec
624 2885 938 2982 loerdensius-(r)
960 2888 999 2956 in
1027 2911 1116 2962 casu

101 3008 216 3080 haud
246 2999 406 3080 absimili
425 3005 634 3102 quidquam
653 3004 846 3077 adnotavit
875 3004 1120 3106 morbosum)
1150 3075 1151 3079 ,

106 3123 287 3226 spirandi
299 3109 471 3226 angustia
487 3121 706 3194 debebatur.
725 3126 1001 3220 Magnaantem
1020 3139 1118 3198 arte·
1155 3107 1158 3110 ¹

104 3243 167 3315 ria
186 3257 270 3312 tum
290 3263 401 3338 aequo.
421 3239 553 3321 latior,
576 3254 657 3312 tum
686 3239 868 3338 praeduris
894 3242 1049 3328 tunicis,
1072 3255 1118 3312 ut

106 3357 214 3428 iliaci
235 3380 389 3455 quoque
404 3357 499 3428 rami
528 3357 726 3444 instructa,
743 3381 822 3453 qna
840 3357 883 3456 ri
908 3372 1056 3455 poterat
1074 3359 1118 3452 in

107 3475 349 3573 superiores,
379 3471 654 3570 inferioresque
672 3487 781 3545 artus.
793 3489 1014 3570 peccantem
1036 3500 1120 3546 ma-

108 3593 248 3663 teriam
263 3589 455 3690 impellere
470 3591 485 3661 ?
503 3594 597 3663 Sane
610 3589 733 3664 multo.
743 3590 869 3688 aptior
879 3605 959 3662 erat
975 3589 1022 3664 ad
1037 3615 1120 3664 san·

152 3959 203 4038 (ι)
218 3963 288 4022 Acta
298 3963 338 4022 N.
353 3963 461 4022 &tota
486 3959 668 4038 l„,Apb'end2
678 3954 874 4034 namnum
887 3954 946 4030 ς’ᾶ.
