2782 4652
72 396 204 448 ιω.
221 393 1003 474 nnennenmsrnme.summonmrsrmxr.
1031 361 1104 470 439

74 515 263 586 tationes
297 510 476 608 quasdam
500 507 722 602 ascendere,
741 534 824 610 qnae
843 525 931 586 cum
948 511 995 583 ad
1012 535 1106 610 prae-

75 629 229 702 cordia
245 630 532 728 pervenissent,
553 649 718 704 summas
736 631 941 702 anxietates
958 627 1108 702 easdem
1152 643 1156 661 ·

76 749 172 820 illas
202 773 293 845 qnae
318 749 424 846 prius
454 744 628 837 fuerant,
664 744 897 837 inferebant3
922 773 942 819 a
969 746 1109 845 quibus

79 887 171 938 non
206 879 377 964 poterat,
398 866 471 938 nisi
495 889 566 964 per
583 889 687 937 venae
709 866 915 952 sectiones,
942 863 1110 938 liberari.

80 987 310 1081 Postquam
330 983 377 1055 ad
395 983 572 1056 eumdem
594 981 768 1072 modum,
796 981 1005 1082 eodemque
1019 999 1122 1055 tem-'-

82 1125 191 1200 pore
219 1101 301 1173 haec
330 1101 376 1172 ad
408 1100 758 1200 duodevigesimum
788 1125 912 1199 usque
942 1119 1113 1176 mensem
1192 1161 1211 1182 ,

87 1219 544 1316 redierant„coeperunt
574 1233 711 1316 quarto
739 1242 897 1317 quoque
934 1217 1115 1294 duntaxat

89 1337 322 1436 plenilunio
351 1333 494 1412 redire:
515 1337 619 1436 quod
648 1351 799 1436 tempus
824 1337 903 1434 jam
929 1349 1065 1434 quarto
1092 1359 1114 1406 a

87 1471 238 1527 morsu
258 1477 384 1542 enno,
409 1453 490 1526 haec
519 1453 611 1526 dum
637 1442 862 1543 scriberem,
889 1453 1015 1526 adhuc
1039 1477 1116 1526 sere

90 1567 259 1644 rabant.
782 1667 784 1671 v
1053 1561 1057 1570 ’

151 1690 214 1762 ιδ.
240 1690 278 1760 &i
298 1714 413 1765 canes
429 1687 703 1788 excipias‚n0n
722 1689 854 1786 saepius
869 1685 946 1762 fere
964 1712 1078 1786 quam
1093 1711 1116 1758 a

94 1792 563 1906 felibnshydrophobiam
573 1821 663 1898 ‚eut
680 1797 826 1904 grance,
840 1806 887 1877 ad
903 1805 1001 1887 ha'nc
1016 1819 1117 1878 acce·

47 1934 50 1940 '
97 1925 268 2016 dentes,
289 1949 406 2020 noxas
418 1925 537 1998 illatas
556 1927 714 1998 memini
728 1925 864 2024 legere.
882 1918 994 2016 Quod
1012 1925 1042 1996 sl
1058 1947 1119 1998 ca·
1176 1996 1181 2000 .

98 2043 225 2118 nibus
242 2037 438 2130 dietmar,
454 2059 492 2119 et
508 2041 644 2116 felibus
664 2043 719 2114 llli
734 2041 811 2114 dati
828 2053 952 2114 es'sent
961 2037 1120 2112 folliculi

99 2165 174 2260 qni
190 2162 474 2261 graveolentem
499 2159 704 2260 quemdam
721 2159 921 2232 humorem
942 2157 989 2231 ad
1003 2171 1120 2240 anum

102 2266 289 2353 emittunt
300 2305 309 2369 ;
321 2303 406 2350 nnn
422 2279 513 2354 levis
530 2271 621 2350 hinc
643 2275 880 2351 confirmatio
898 2278 1018 2376 repeti
1036 2300 1119 2377 pos·

103 2409 165 2469 set
182 2397 411 2493 conjecturae
437 2421 570 2468 eorum
594 2396 662 2494 qni·
684 2395 784 2468 inter
813 2413 942 2468 causas
960 2401 1030 2467 cnr
1059 2401 1119 2465 r'a-

102 2514 195 2588 bidi
218 2513 309 2584 fiant
331 2537 462 2602 canes,
492 2511 791 2586 obstructionem
815 2524 1014 2584 recensent
1038 2533 1121 2582 sac-

102 2630 209 2718 culi‚·
223 2632 300 2701 imo
319 2631 579 2712 sacculorum
600 2629 679 2700 lluo
704 2627 807 2701 enim
831 2643 920 2700 sunt
940 2610 1010 2726 ¹qui
1036 2627 1120 2699 leli-

106 2746 202 2818 dam
230 2746 333 2816 illam
353 2737 544 2818 materiam
567 2745 787 2834 continent,
817 2768 904 2842 qnoe
924 2743 1121 2818 humorum

109 2869 299 2934 acerrima
320 2849 417 2962 perr
432 2887 508 2934 esse
530 2861 699 2952 viderer,
721 2879 764 2934 ut
790 2862 821 2935 si
845 2871 883 2932 in
901 2869 1118 2960 sangninem

113 2981 379 3067 resorbentur,
395 3008 397 3018 ¹
414 2978 485 3053 vel
506 3005 556 3052 ex
570 3005 628 3060 ‚eo
654 2987 724 3052 rite
744 2985 867 3053 minus
884 2993 1121 3068 secernatur,
1194 2984 1209 2992 “

109 3083 266 3172 ¹summo
302 3099 439 3196 cuique
469 3098 606 3172 morbo
626 3097 810 3196 pariendo
836 3097 974 3176 idonee
1001 3099 1059 3170 eit.v
1078 3101 1147 3170 rw

116 3239 253 3313 magna
279 3201 379 3288 certe
409 3214 582 3290 irritandi
612 3217 649 3286 vi
686 3237 765 3289 esse
792 3214 1010 3316 praeditam,
1035 3238 1123 3288 cum

117 3331 226 3421 alias,
246 3347 325 3404 tum
339 3334 527 3432 praecipue
546 3347 639 3406 tune
659 3329 845 3424 intellexi,
867 3313 956 3406 cuin
985 3347 1140 3416 muster

118 3441 194 3521 lam
211 3473 430 3548 persecans,
450 3464 546 3524 etex
560 3452 640 3524 istis
655 3447 831 3542 sacculis,
855 3475 954 3550 quos
965 3473 1124 3550 propor-

120 3567 224 3640 tione
243 3567 462 3668 grandiores
477 3567 665 3658 habebat,
682 3568 884 3668 humorem
902 3566 1125 3656 effundens,
1152 3665 1155 3670 ἱ
1266 3657 1273 3671 ¹

123 3686 306 3758 continuo
325 3708 435 3759 nares
447 3685 640 3786 perculsas
659 3687 829 3784 sylvestri
837 3685 1004 3786 quedam
1017 3699 1129 3760 acuto

128 3802 245 3876 odore
264 3805 383 3894 sensi,
413 3819 457 3876 ut
485 3804 584 3877 nulli
609 3803 672 3876 alii
701 3807 819 3904 magis
850 3801 1129 3894 assimilandus,

128 3945 239 4018 quam
256 3923 402 3996 accensi
421 3913 635 4022 sulphuris,
657 3922 856 3998 videretur.
887 3922 1028 3998 verum
1050 3944 1131 3992 non
1208 3929 1210 3937 '
