2746 4662
326 433 395 522 1¹88
485 470 535 523 nn
558 425 704 521 sununs
727 469 773 517 rr
797 466 921 518 ctusrs
944 465 1154 519 nonnosum

323 564 485 666 grandes
511 563 726 638 conhabuit
750 563 951 664 polyposas
973 553 1246 637 concretiones.
1276 567 1319 634 In

322 683 488 755 calvariae
522 682 789 778 integumentis
826 706 901 778 qua
943 694 1092 778 tempus
1127 681 1319 753 sinistrum

322 799 566 900 operiebant,
589 821 725 895 magna
749 799 934 886 exterius,
953 799 1186 897 interiusque
1207 821 1323 897 appa·

320 917 397 988 ruit
414 915 619 1014 sugillati03
640 915 787 988 tametsi
807 914 912 986 nulla
946 915 1080 1011 capitis
1111 914 1232 986 allisio
1260 929 1323 986 ant

220 1042 224 1050 '
319 1032 535 1132 percussio,
560 1047 745 1130 quantum
777 1027 1034 1130 perquirendo
1068 1032 1162 1103 sciri
1183 1031 1322 1129 potuit,

319 1173 444 1248 nuper
459 1165 701 1261 praecesseratg
720 1166 903 1239 mortem,
922 1164 986 1220 aut
1006 1148 1104 1220 hanc
1129 1165 1211 1221 erat
1232 1173 1321 1220 mox

321 1266 531 1341 subsecuta.
549 1273 594 1340 In
611 1283 693 1342 toto
713 1267 860 1341 cerebri
883 1266 1148 1365 hemisphaerio
1168 1267 1322 1338 sinistro

320 1398 456 1456 contro¹
480 1409 523 1457 ac
554 1377 781 1485 hemiplexia
806 1383 1057 1470 indicaverat,
1088 1382 1184 1455 nihil
1210 1382 1322 1481 quid·

320 1526 432 1600 quam
449 1503 530 1574 vitii
540 1499 778 1574 offendimus.
796 1506 840 1572 In
849 1500 1005 1574 dextero
1016 1515 1140 1572 autem
1153 1503 1318 1600 primum

319 1619 565 1692 animadverti
577 1644 661 1692 vasa
678 1645 759 1719 qnae
776 1644 845 1718 per
862 1634 1015 1692 tenuem
1036 1618 1256 1716 meningem
1270 1616 1320 1689 fe-

318 1751 478 1827 runtur,
501 1739 706 1836 praesertim
724 1763 797 1837 qua
813 1737 943 1836 capitis
966 1720 1096 1809 iertici
1114 1734 1321 1836 responde·

317 1852 430 1944 bant,
448 1856 628 1954 sanguine
645 1854 878 1952 turgidiorac
891 1877 959 1951 per
976 1852 1225 1950 eamdemque
1245 1876 1318 1924 me·

316 1971 472 2069 ningem
495 1973 674 2069 transpici
691 1971 797 2068 quasi
817 1995 953 2068 aquam
974 1995 1061 2042 cum
1088 1971 1211 2042 aereis
1235 1995 1319 2069 pnr-

318 2087 444 2158 ticulis
464 2089 617 2158 mixtam
636 2113 646 2174 ;
673 2111 755 2183 quae
769 2111 899 2157 revera
932 2084 1104 2175 suberat,
1123 2085 1189 2159 sed
1225 2087 1316 2158 adeo

317 2227 458 2302 pauca,
475 2217 518 2274 ut
535 2228 576 2274 ea
591 2205 746 2274 meninx
762 2227 841 2274 non
869 2201 974 2276 facile
1005 2219 1230 2302 sequeretur
1245 2219 1316 2276 tra-

317 2321 462 2416 hentis
489 2318 634 2416 digitos.
679 2319 824 2391 Deinde
858 2344 948 2392 vero
988 2321 1208 2420 singulare,
1249 2344 1316 2393 nec

315 2429 422 2526 leve,
445 2432 588 2507 offendi
615 2436 734 2534 ipsius
757 2435 973 2508 substantiae
996 2437 1143 2508 cerebri
1167 2439 1317 2526 vitium,

316 2552 432 2651 idque
465 2554 563 2623 circa
591 2554 771 2626 verticem
799 2551 846 2626 ad
885 2557 1023 2643 trium,
1051 2569 1116 2626 aut
1155 2571 1316 2654 quatuor

317 2670 521 2768 digitorum
540 2671 701 2769 spatium
726 2671 934 2745 secundum
959 2673 1092 2771 capitis
1109 2672 1314 2772 longitudi-

314 2811 426 2878 nem,
449 2803 486 2861 et
513 2788 561 2860 ad
586 2789 743 2862 totidem
766 2791 973 2862 secundum
1000 2789 1239 2862 latitudinem
1254 2790 1316 2864 ubi

316 2904 470 3002 quidem
489 2906 622 2978 vitium
635 2921 713 2979 erat
725 2907 965 2996 latissimum3
983 2933 1068 2980 nam
1085 2924 1163 2980 erat
1176 2905 1315 2982 alicubi

313 3021 436 3093 multo
468 3023 673 3119 angustius.
699 3023 908 3122 Incipiebat
932 3041 1058 3097 autem
1089 3051 1112 3096 a
1140 3031 1314 3124 suprema

311 3137 376 3208 illa
388 3136 640 3237 hemisphaerii
652 3165 720 3211 ora
732 3165 806 3239 qua
825 3142 975 3214 sinistro
989 3143 1146 3241 propius
1164 3159 1246 3232 est,
1258 3146 1313 3214 in·

314 3279 390 3351 que
408 3255 455 3349 ⁸in
476 3254 713 3328 latitudinem
734 3281 772 3329 se
799 3258 1034 3331 extendebat.
1058 3263 1089 3330 A
1118 3259 1313 3358 superficie

314 3369 461 3442 cerebri
470 3396 582 3469 quam
597 3373 769 3464 tenebat,
782 3375 993 3459 introrsum
1005 3377 1090 3475 plus
1103 3376 1226 3477 digito
1237 3401 1312 3449 nou

315 3483 578 3560 descendebat.
594 3493 686 3561 Tota
701 3491 814 3588 igitur
827 3516 908 3590 quae
926 3492 1117 3591 designata
1132 3507 1208 3583 est,
1228 3492 1313 3568 sede

312 3618 473 3702 utraque
488 3604 634 3678 cerebri
651 3605 855 3680 substantia
873 3609 1000 3682 colore
1015 3625 1093 3707 erat
1106 3611 1311 3710 sanguineo

314 3719 421 3794 fusco
457 3720 658 3813 obsoleto,
689 3725 853 3797 mollitie
886 3741 1012 3800 autem
1045 3753 1124 3800 non
1158 3729 1311 3818 minori,

139 3887 156 3902 .
263 3829 264 3834 ’
319 3863 430 3937 quam
458 3841 489 3912 si
513 3839 600 3930 diu,
624 3840 859 3940 multumque
892 3842 1035 3916 crebris
1061 3845 1182 3942 gravis
1203 3845 1311 3919 cultri

309 3955 451 4032 ictibus
464 3958 615 4030 concisa
633 3955 782 4050 fuisset,
799 3983 842 4030 ac
859 3957 1036 4052 subacta,
1050 3975 1093 4034 ut
1107 3985 1310 4062 propemo-

475 4231 481 4278 t
