2824 4652
307 429 379 528 698
477 457 523 504 nn
549 455 696 505 snnmus
720 458 765 505 rr
790 432 915 506 nausis
941 453 1153 510 nonnonmr
1269 423 1272 432 λ

305 587 420 668 quam
440 569 497 640 vir
515 568 559 640 cl.
583 566 718 641 habuit
743 569 909 667 Ignatius
929 573 1019 644 Vari
1041 571 1118 671 (t),
1139 588 1178 646 et
1200 595 1306 671 quam

305 686 406 760 idem
436 711 458 758 a
493 687 604 759 Petro
634 687 766 784 Crispo
793 683 883 758 olim
923 687 1091 762 habitam
1119 683 1307 762 indicavit.

286 816 288 820 '
306 809 415 900 Certe
432 827 560 876 earum
574 817 755 900 utraque,
775 815 1018 902 quacumque
1030 807 1182 879 ratione
1202 807 1310 904 expli·

306 945 390 995 care
411 919 521 1010 velis,
544 917 659 1018 digna
677 933 734 994 est
755 943 838 1019 quae
869 923 908 994 in
928 923 1198 1022 sepulcretum
1219 919 1308 1012 refe-

304 1054 420 1112 ratur.
451 1041 642 1134 Caeterum‘
663 1037 768 1138 quod
799 1037 845 1110 ad
874 1039 1064 1138 pectoris,'
1089 1057 1127 1114 et
1154 1039 1309 1114 laterum

304 1158 456 1229 dolores
481 1156 630 1244 attinet,
657 1154 756 1246 aliae,
775 1181 847 1229 nec
874 1159 992 1231 unius
1017 1159 1195 1256 generis,
1231 1172 1309 1230 sunt

202 1360 204 1369 y
303 1274 523 1371 inquorum
548 1271 850 1345 consideratione
880 1273 983 1346 haud
1009 1276 1204 1349 immerito
1232 1299 1309 1346 ver-

303 1394 417 1480 seris,
435 1391 499 1463 itta
520 1391 560 1462 in
582 1391 715 1492 primis
739 1416 822 1490 qua
842 1373 888 1463 ex
909 1405 1021 1464 acuto
1045 1417 1170 1492 prope
1195 1393 1309 1466 sterni

304 1511 499 1584 sinistrum
534 1505 827 1612 latus·dolore,
859 1530 946 1581 cum
988 1510 1310 1614 peripneumonia

304 1628 419 1726 signis
441 1615 737 1725 conjuncto‚,ad
755 1616 1091 1699 inflammationem
1111 1627 1309 1700 anterioris

299 1745 416 1844 partis
428 1743 619 1843 pulmonis
629 1743 768 1816 sinistri
782 1743 973 1842 pertinere
982 1743 1206 1835 videbatur,
1224 1768 1308 1817 cum

300 1863 591 1964 postaegritunc
607 1863 880 1959 inexpectatam
894 1875 1055 1932 mortem
1073 1862 1318 1962 pmchiem

300 1979 451 2052 taudius
482 1976 539 2076 (a)
569 1975 845 2076 deprehendit,
875 1977 922 2048 ad
954 1975 1310 2067 inflammationem,

298 2098 687 2198 suppurationemque
707 2094 935 2170 membranae
954 2119 1037 2193 quae
1055 2095 1217 2169 interius
1245 2123 1307 2197 pe·

300 2213 530 2320 ricardium,
558 2213 721 2285 exterius
758 2227 883 2284 autem
917 2235 984 2284 cor
1013 2211 1163 2302 amicit,
1194 2215 1307 2314 perti-

214 2365 218 2373 ’
300 2333 439 2405 nuisse.
457 2327 529 2404 Sed
542 2329 622 2402 haec
638 2345 795 2430 propter
814 2327 908 2402 adeo
923 2329 1166 2428 spectabilem
1183 2333 1305 2405 morbi
1397 2351 1398 2354 ’

301 2449 429 2525 sedem
449 2466 522 2523 ate
546 2447 774 2549 perlegenda
794 2444 1022 2538 observatiO,
1051 2463 1089 2520 at
1116 2474 1206 2521 cum
1229 2450 1306 2524 aliis

299 2567 576 2668 ejusdemmodi
600 2563 843 2653 conferenda,
860 2589 954 2664 quas
973 2561 1040 2638 ubi
1059 2591 1225 2664 quaeras,
1252 2569 1304 2639 in·

298 2686 353 2761 fra
364 2687 419 2787 (3)
430 2683 685 2776 indicabo‚ad
697 2683 1036 2756 inflammationum
1048 2697 1177 2786 tamen
1188 2685 1304 2785 genus
1394 2664 1399 2725 ἶ

301 2804 504 2906 spectabat.
533 2804 622 2878 Aliae
641 2797 762 2876 autem
789 2801 940 2876 suntad
961 2786 1064 2874 aliud
1091 2827 1214 2900 genus
1233 2803 1308 2876 atti·
1393 2786 1397 2795 ¹

215 2961 220 2968 ·
300 2939 452 3014 nentes,
469 2937 512 2995 ut
530 2937 621 3021 puta
635 2945 747 3020 quam
771 2921 871 3020 apud
883 2917 1093 2992 auditorem
1106 2920 1302 3019 quondam

299 3045 448 3152 me'pm,
476 3064 579 3114 nunc
602 3038 781 3129 doctum,
800 3053 837 3112 et
857 3038 1209 3134 exercitatissimum
1229 3063 1303 3111 me·
1398 3100 1401 3119 ,

298 3153 426 3228 dic‘um
448 3157 587 3255 'legeris
615 3157 800 3228 Joannem
828 3153 981 3228 Larber.
1026 3156 1095 3226 Hic
1129 3156 1234 3226 enim
1261 3158 1299 3226 in

220 3332 223 3338 .
300 3270 605 3389 adnotationdtus
625 3298 718 3370 quas
742 3299 815 3346 suae
835 3269 980 3344 Palfinii
997 3271 1157 3344 editioni
1175 3275 1231 3370 (A)
1252 3276 1305 3344 in·

301 3391 501 3481 terserui't,‘
518 3408 644 3464 narrat
663 3393 710 3466 de
735 3383 892 3491 juvene,
920 3417 1033 3490 quem
1050 3390 1098 3463 ab
1126 3389 1305 3465 diuturna

700 3525 705 3536 ·
1144 3505 1164 3552 ο

391 3719 671 3798 ,ᾹᾼρμᾷΙΡῃΤᾳε-,εςῑί
681 3720 747 3792 sull'
758 3719 900 3790 insensib.
913 3729 969 3782 ete.
981 3721 1045 3808 lett.
1059 3725 1094 3789 4,
1109 3737 1141 3774 n.
1156 3725 1205 3785 24.

404 3822 495 3876 Mem.
510 3821 547 3877 de
557 3821 672 3898 i'dcads
684 3839 753 3897 roy.
766 3821 818 3878 des
830 3823 899 3891 So,
914 3839 962 3876 an.
978 3818 1073 3892 1752,
1090 3821 1114 3876 t.
1126 3821 1217 3875 mem.
