2858 4658
290 501 337 574 70
454 503 499 547 DE
526 498 672 546 sumnus
697 499 741 544 ET
767 497 891 545 cansts
917 497 1127 544 ttousoltttat

217 639 231 647 ·
289 615 394 712 quod
413 613 548 685 durum
577 627 646 697 est,
666 636 746 682 nou
772 609 988 698 detrahere,
1010 610 1075 683 sed
1096 608 1156 680 vel
1177 606 1295 703 magis

289 735 430 804 siccum
459 729 618 801 reddere
649 743 829 802 statutum
859 729 924 814 sit,
957 744 999 800 ut
1026 753 1121 826 aeger
1152 726 1295 797 diutius

289 863 480 920 servetur:
507 843 554 916 ad
585 843 689 941 quod
710 871 752 916 ea
778 871 861 942 quae
886 860 1097 916 emortuam
1123 857 1294 941 partem,

290 965 396 1061 quasi
411 961 569 1033 cadaver
589 960 801 1058 quoddam,
831 961 985 1034 condire
1014 976 1185 1060 possent,
1208 974 1296 1032 sunt

289 1079 513 1152 adhibenda.
534 1083 674 1150 Contra
689 1082 947 1178 etiamgatque
959 1080 1070 1152 etiam
1087 1075 1297 1148 videndum

290 1213 365 1283 est,
382 1223 429 1268 ne
449 1193 555 1266 facile
577 1198 617 1266 iu
637 1195 818 1286 similibus
845 1200 1052 1293 gangraenis
1075 1195 1123 1268 ad
1146 1221 1188 1267 ea
1212 1219 1297 1288 quaa

288 1339 362 1414 pus
377 1330 569 1402 moveant,
582 1314 875 1400 descendamus,
893 1315 1127 1388 medicorum
1140 1314 1296 1384 illorum

289 1435 500 1519 memorem,
520 1433 586 1528 qui
606 1457 676 1530 per
701 1433 1011 1530 suppurationem
1027 1429 1067 1503 id
1085 1430 1190 1530 quod
1214 1445 1296 1502 erat

291 1552 331 1618 in
349 1549 486 1646 pollice
504 1550 611 1646 pedis
631 1566 825 1620 mortuum
856 1575 877 1620 a
897 1551 981 1620 vivo
1014 1573 1185 1648 separare
1214 1573 1297 1645 spe·

274 1683 442 1754 ranteS,
470 1691 706 1764 gangraenam
736 1691 850 1764 quam
880 1668 1128 1740 Boerhaavius
1163 1664 1218 1762 (1)
1242 1665 1297 1736 ibi

292 1809 356 1856 sex
373 1808 521 1856 meuses
538 1799 772 1871 coercuerat,
803 1785 850 1855 ad
880 1783 1002 1856 femur
1031 1810 1152 1883 nsque
1179 1783 1299 1856 tridui

292 1903 413 2000 spatio
432 1915 716 1999 promoverunt.
746 1903 847 1992 Quin
877 1904 1021 1975 etiamsi
1050 1904 1091 1972 in
1115 1901 1298 2000 persimili

292 2043 381 2091 casu
398 2021 539 2118 optima
552 2019 629 2116 jam
646 2035 742 2091 esset
755 2022 994 2118 suppuratio;
1009 2035 1149 2118 aegrum
1168 2034 1297 2090 tamen

293 2139 432 2208 servari
449 2161 529 2207 non
554 2136 722 2233 potuisse
747 2135 861 2209 refert
884 2139 928 2209 cl.
956 2139 1093 2210 Dicter.
1114 2141 1299 2235 Sproege·

292 2254 363 2325 lius
379 2253 456 2350 (2),
473 2268 700 2350 monetque,
729 2255 768 2324 in
786 2255 929 2327 morbis
950 2255 1137 2351 ejusmodi
1158 2281 1205 2326 ne
1229 2280 1298 2352 op·

292 2373 378 2442 tatis
400 2371 575 2468 quidem,
591 2386 628 2442 et
646 2371 934 2445 succedentibus
952 2399 997 2443 ex
1013 2373 1197 2444 sententia
1215 2397 1299 2469 sup-

293 2488 561 2587 purationibus
601 2487 696 2561 adeo
724 2487 831 2562 facile
856 2513 934 2562 esse
962 2488 1168 2561 fidendum.
1207 2490 1299 2578 Qnae

293 2631 354 2679 res
376 2605 434 2678 vel
455 2631 531 2677 una
549 2631 681 2712 eorum
710 2631 813 2704 spem
844 2607 1034 2680 retardare
1062 2622 1212 2705 posset,
1229 2609 1298 2704 qui

200 2766 202 2770 f
280 2726 334 2796 ‚in
351 2723 564 2796 istiusmodi
581 2749 715 2795 senum
735 2727 941 2824 gangraenis
959 2727 1121 2798 emortui
1137 2726 1302 2816 membri
1410 2797 1411 2800 ,

293 2842 589 2938 amputationem
611 2841 816 2912 laudarent.
838 2843 909 2914 Sed
925 2843 995 2913 alia
1011 2845 1167 2940 insuper
1192 2869 1298 2922 acce·

206 3048 210 3062 ,
294 2955 410 3044 dunt,
429 2973 470 3026 ut
490 2972 580 3054 puta
605 2959 636 3029 si
654 2958 760 3055 quod
776 2960 936 3058 llulmus
954 2958 1012 3057 (3)
1033 2959 1233 3046 censebat,
1261 2975 1299 3032 et

296 3089 398 3148 certe
407 3073 619 3170 aliqnando
635 3089 710 3162 est,
729 3075 775 3147 ab
792 3079 905 3150 osseis
926 3076 1051 3166 factis,
1071 3079 1297 3174 arctatisque

292 3191 467 3288 superius
479 3191 624 3264 arteriis
650 3210 737 3266 nata
752 3211 848 3267 esset
863 3221 1082 3296 gangraeua,
1107 3211 1170 3267 aut
1200 3197 1230 3266 si
1258 3196 1297 3265 in

294 3309 498 3404 sanguine,
520 3323 562 3380 ut
591 3310 819 3383 creberrime
845 3313 999 3401 accidit,
1025 3313 1299 3412 inexpugnabi-

293 3425 339 3496 lis
357 3442 453 3498 esset
467 3451 673 3526 gangroeuae
693 3453 826 3518 causa,
851 3431 952 3502 unde
977 3428 1115 3502 factum
1143 3445 1198 3503 est
1219 3431 1298 3530 ple·

279 3807 281 3812 '
334 3797 379 3876 (1)
399 3799 468 3856 Vid.
479 3801 558 3875 apud
570 3803 707 3870 Strieten.
715 3803 748 3859 iu
757 3813 914 3861 comment.
925 3802 964 3861 ad
975 3801 1053 3860 illius
1064 3803 1168 3881 apher.
1182 3806 1197 3872 S
1209 3808 1277 3870 424.

335 3912 379 3992 (a)
400 3915 473 3971 obs.
489 3918 587 3972 select.
602 3921 617 3986 §
630 3919 678 3988 37.

333 4027 377 4107 (3)
398 4027 468 4087 vid.
483 4048 586 4106 supra,
601 4048 631 4085 n.
648 4031 697 4089 23.
