2836 4648
314 431 386 536 596
486 455 533 506 ne
557 451 706 511 marrus
729 452 775 500 rr
800 448 925 502 causls
949 449 1165 502 noaaoauir

312 567 433 659 ferre,
456 566 563 668 quod
590 591 671 640 non
694 563 813 638 modo
835 579 1009 654 caeteros,
1032 563 1101 638 sed
1131 561 1197 638 vel
1226 562 1327 662 ipsos

313 690 384 788 qui
403 685 590 790 glandulis
610 682 756 758 bellum
786 680 1022 771 indixerant,
1045 698 1084 756 et
1113 669 1273 770 fecisse,
1294 696 1327 754 et

313 803 458 894 facere,
471 805 622 902 ignorat
632 825 757 874 nemo.
773 800 849 892 Qui
864 799 1045 872 nimirum
1063 799 1136 872 etsi
1154 825 1239 872 non
1252 823 1326 872 om·

312 949 382 1006 nes
400 935 573 1022 prostatae
593 909 717 1018 partes
739 915 992 1007 secernendo,
1017 915 1325 1016 asservandoque

314 1039 498 1142 peculiari
522 1037 641 1136 ipsius
673 1033 831 1108 humori
862 1047 970 1132 aptas
997 1057 1077 1108 esse
1098 1057 1220 1132 posse
1245 1034 1326 1108 scie·

312 1160 424 1248 hant,
443 1182 489 1230 ex
505 1155 619 1252 hujus
652 1150 1030 1250 tamen‘glandulosis
1062 1151 1215 1231 tubulis
1229 1176 1325 1250 pene

316 1293 438 1350 totam
472 1276 661 1371 compingi
677 1285 914 1368 prostratam,
935 1268 1257 1367 cognoscebant3
1289 1283 1326 1340 ut

272 1477 274 1480 ¹
315 1392 441 1466 verbis
457 1404 542 1463 utar
558 1389 765 1476 Santorini,
784 1389 852 1486 qui
869 1412 950 1459 non
973 1385 1013 1458 id
1037 1385 1165 1462 solunt
1193 1387 1324 1494 eodem

318 1509 424 1610 quod
451 1531 566 1606 supra
588 1503 844 1594 laudavimus,
861 1503 1046 1605 capite(i)
1061 1557 1072 1591 ,
1085 1503 1158 1577 sed
1181 1521 1223 1578 et
1252 1505 1326 1602 ejus

317 1625 502 1728 glandulae
519 1623 734 1698 musculum
754 1623 976 1710 levatorem,
997 1636 1035 1694 et
1052 1621 1325 1719 ligamentum,

210 1778 213 1784 ·
317 1761 358 1822 et
372 1742 563 1843 capsulam
576 1740 780 1839 descripsit
792 1739 861 1838 (2).
878 1744 1032 1832 Quanto
1041 1753 1172 1814 autem
1180 1739 1326 1838 plures,

319 1878 357 1937 et
367 1859 619 1936 confertiores
640 1873 729 1933 sunt
746 1859 775 1928 ii
793 1857 933 1946 tubuli,
949 1871 1055 1930 tanto
1080 1859 1205 1957 magis
1220 1882 1327 1957 pros·

319 1995 433 2056 tatam
454 1980 554 2052 inter
572 1975 768 2076 glandulas
787 1975 1026 2051 retinendam
1048 1998 1131 2049 esse
1157 1991 1324 2063 constat,

242 2185 245 2190 .
319 2113 358 2174 et
386 2122 470 2170 mea
494 2087 672 2195 quedam
698 2093 946 2166 confirmatur
968 2094 1101 2192 opinio
1136 2093 1188 2170 de
1220 2119 1327 2168 causa

320 2243 390 2294 cur
422 2214 656 2290 seminalium
691 2203 868 2284 vasorum
899 2226 1085 2302 extrema,
1109 2226 1150 2284 et
1178 2215 1329 2288 tenuior
1404 2303 1405 2312 ἢ

319 2357 407 2436 pars
424 2359 493 2434 per
513 2357 596 2404 eam
618 2329 832 2430 glandulam
857 2329 1094 2419 traducatur,
1114 2355 1260 2430 nempe
1289 2347 1327 2403 ut

320 2454 412 2530 dum
428 2454 455 2524 ii
471 2449 595 2524 tubuli
615 2473 683 2548 per
696 2471 873 2522 venerem
886 2446 1113 2546 deplentur,
1133 2449 1249 2521 simul
1267 2475 1327 2522 va·

320 2593 449 2646 sorum
470 2568 639 2640 illorum.
652 2566 884 2664 compressio
914 2565 1063 2640 assidua
1093 2567 1327 2655 remittatur,
1404 2625 1405 2660 ,

316 2711 525 2786 semenque
542 2685 765 2758 conclusum
781 2684 963 2781 ejiciatur.

374 2804 430 2880 15.
450 2803 523 2877 Sed
547 2817 591 2876 ut
613 2801 765 2892 redeam
798 2801 846 2874 ad
873 2801 1126 2882 urinariarum
1163 2807 1325 2902 partium

319 2923 495 3014 morbos,
514 2944 662 3004 cumea
686 2943 812 3017 nuper
830 2919 995 3018 legerem
1018 2944 1103 3019 quaa
1126 2919 1212 2996 haec
1239 2923 1326 2995 mihi

321 3065 392 3140 pro
418 3065 483 3113 me
509 3053 547 3112 et
568 3063 639 3137 pro
654 3038 739 3122 aliis
756 3038 825 3136 qui
843 3036 892 3132 ad
912 3038 1091 3118 eumdem
1106 3040 1274 3114 modurn
1290 3057 1322 3115 et

320 3158 530 3248 sentiunt,-·
548 3170 587 3228 et
624 3157 853 3254 loquuntur,
885 3153 992 3246 haec,
1026 3158 1207 3256 inquam,
1236 3160 1322 3232 mihi

318 3272 574 3371 interjiciendi
593 3275 853 3348 necessitatem
883 3274 1106 3366 attulerant,
1145 3277 1189 3350 in
1219 3280 1320 3352 illurn

319 3417 474 3494 quoque
506 3393 635 3464 locum
665 3391 784 3492 incidi
822 3390 891 3466 ubi
923 3393 1064 3466 indicia
1094 3417 1320 3494 proponun-

319 3528 382 3590 tur
414 3508 589 3582 ischuriae
626 3509 844 3607 cujusdam,
880 3535 972 3608 quaef
991 3510 1108 3584 ¹valde
1144 3511 1321 3614 frequens

319 3653 399 3709 esse
416 3626 570 3718 dicitnr,
585 3627 718 3700 mediae
731 3629 831 3702 inter
844 3629 1038 3720 renalem‚
1067 3646 1105 3704 et
1125 3633 1322 3707 vesicalen

317 3795 1320 3834 mma-m

337 3911 401 3990 ⁸(1)
424 3935 482 3988 ro,
500 3917 515 3984 s
530 3931 578 3970 aa.

359 4011 402 4090 (a)
424 4019 440 4084 ς
462 4014 497 4085 5,
522 4033 568 4087 17,
592 4031 665 4074 ao.-
