2858 4660
125 437 128 444 '
198 523 200 531 y
309 436 382 527 434
476 457 523 504 nn
549 453 912 530 murnentanus
937 453 1148 506 uonaoanu

310 585 419 672 gant,
448 593 542 642 neve
561 567 647 656 has,
677 569 708 652 si
724 592 812 642 casu
837 568 1043 642 ulcusculis
1065 568 1217 644 affectas
1249 571 1318 644 ha·

285 685 444 777 ¹heaut,
460 703 601 760 temere
627 685 784 758 illorum
808 700 873 760 aut
895 689 1094 786 sanguine,
1111 703 1178 761 aut
1203 707 1318 763 succo

309 806 383 882 elio
400 806 535 904 aliquo
544 796 707 880 audeaut
719 805 931 902 inquinare.

363 949 418 997 ια.
447 927 492 994 lu
520 917 688 1008 hisvero
707 921 864 1023 aliisque
883 923 1144 1012 cautionibus,
1170 941 1320 998 netum

309 1043 437 1116 dirum
455 1039 673 1120 admittatur
690 1063 899 1128 venenum,
914 1040 946 1112 si
973 1037 1070 1112 forte
1093 1043 1133 1112 in
1159 1041 1320 1114 aiteram
1420 1131 1421 1140 ἵ

308 1175 454 1262 partem
479 1156 716 1257 peccandum
742 1171 814 1246 est,
846 1157 959 1231 satius
983 1154 1065 1230 iore
1091 1159 1206 1232 nimis
1238 1184 1322 1232 esse

310 1288 440 1350 cautos
465 1299 578 1378 quam
594 1299 747 1374 parum,
779 1299 893 1346 nemo
913 1272 1143 1348 inficiabitur
1161 1278 1233 1374 qui
1256 1301 1322 1348 co·

310 1398 402 1498 gitet
418 1377 534 1494 quam
560 1391 732 1482 difficile,
751 1395 1014 1491 incertumque
1031 1394 1097 1480 sit,
1113 1411 1323 1494 postquam

309 1511 515 1587 admissum
544 1526 621 1601 est,
652 1511 777 1608 ipsum
805 1525 892 1584 ante
922 1511 1171 1610 pervincere,
1204 1537 1324 1610 quam

308 1627 485 1702 bibendae
502 1651 606 1726 aquae
622 1624 860 1716 difficultate,
884 1641 922 1698 et
946 1625 1149 1714 formidine
1170 1652 1210 1701 se
1229 1653 1323 1726 pro-

230 1817 234 1824 .
309 1745 384 1836 dat.
405 1749 500 1820 Cum
518 1746 620 1818 enim
638 1741 713 1816 huc
731 1745 926 1844 pervenit;
944 1769 1036 1816 rarae
1053 1745 1149 1820 adeo
1164 1756 1256 1819 sunt
1273 1745 1327 1818 fe-

308 1865 418 1952 lices,
451 1855 624 1951 stabiles,
649 1859 845 1962 perfecte,
868 1876 1053 1960 certaeque
1082 1863 1323 1952 curationes,
1421 1925 1422 1964 ζ

310 1966 355 2055 ut
377 1963 470 2071 illud
491 1977 598 2079 quod
614 1975 658 2052 fit
672 1993 715 2052 ut
724 1979 956 2078 plurimum,
980 1979 1245 2078 spectantibus
1259 2006 1323 2052 ve·
1421 2005 1422 2066 ξ

310 2123 398 2172 rum
415 2096 541 2172 adhuc
556 2095 677 2170 videri
703 2096 822 2196 possit
841 2095 948 2196 quod
968 2095 1016 2168 de
1034 2097 1226 2173 medicina
1250 2123 1324 2172 suo

311 2209 874 2316 ternporeaiebatOvidius(1),

625 2471 629 2482 Ι
709 2411 764 2450 aec
764 2390 941 2465 senaidatr'r
951 2394 1116 2450 auxiliatur
1124 2396 1221 2470 aquis.

312 2543 401 2650 Quo
417 2553 610 2654 magisne
633 2575 681 2626 eo
700 2551 914 2650 perveniat,
937 2537 1150 2649 optandum
1179 2569 1250 2626 est.
1280 2559 1325 2626 Et

311 2671 492 2747 balneum
512 2667 690 2770 quidem,
704 2658 897 2742 alibiade'o
915 2668 1131 2758 laudatum,
1149 2694 1240 2742 curu
1257 2671 1325 2760 ibi,

313 2803 358 2862 ut
368 2785 458 2863 alias
469 2770 716 2886 (n)vid‘imus‚
729 2800 810 2880 turn
824 2784 927 2888 apud
945 2795 1131 2870 nostrates
1145 2812 1322 2890 quoque,
1422 2773 1423 2778 ¹

313 2905 518 3008 plerosque
534 2904 705 3000 invenit,
721 2905 788 3002 qui
803 2905 836 2976 ei
854 2927 933 2974 non
947 2900 1076 2976 fidant.
1092 2908 1224 3004 Itaque
1245 2931 1324 2978 non
1422 2915 1423 2920 ’

308 3022 518 3097 defuerunt
549 3021 617 3120 qui
645 3019 693 3092 ad
719 3036 920 3122 argentum
946 3022 1100 3111 vivum,
1124 3025 1260 3100 autad
1282 3051 1324 3098 ea

316 3163 402 3240 quae
423 3164 470 3213 ex
494 3140 578 3238 ipso
593 3129 795 3236 parantur,
833 3135 1090 3238 confugerent.
1116 3143 1225 3234 Quos
1244 3145 1321 3230 atii,

316 3255 390 3331 hac
404 3255 609 3356 prasertim
627 3271 753 3350 etate,
771 3243 992 3356 sequentes,
1009 3259 1121 3330 etiam
1138 3262 1241 3332 inter
1254 3265 1322 3336 Ita·

317 3376 395 3466 los,
417 3374 548 3448 eadem
565 3376 622 3448 uti
653 3391 851 3475 coeperuut
879 3377 1134 3477 praeservandi
1165 3381 1317 3452 ratione.

316 3497 377 3570 Sic
407 3492 633 3576 Morandius.
656 3493 710 3594 (3)
743 3474 1025 3588 uhservatiuues
1051 3495 1185 3594 plures
1213 3495 1319 3592 hujus

1058 3674 1318 3696 m

239 3851 243 3858 .
354 3795 400 3875 (1)
419 3799 464 3854 De
476 3798 586 3863 Ponto,
605 3793 627 3850 1.
642 3811 672 3864 1,
694 3794 765 3862 elec.
779 3801 807 3863 t.

355 3899 400 3973 (a)
421 3895 515 3970 Epist.
534 3897 571 3966 8,
589 3913 619 3950 n.
635 3893 671 3950 26
688 3907 717 3950 et
729 3913 778 3972 ²9·

273 4076 275 4080 .
356 3992 403 4073 (3)
422 3996 520 4070 Supra
529 3994 569 4051 ud
584 4011 615 4052 n·
630 4011 663 4069 9,
678 3992 727 4049 cit.
