2700 4660
305 443 377 522 266
467 451 686 516 assumens
711 467 755 514 ur
780 465 904 514 causis
930 465 1138 518 uoaroauu

305 580 467 652 erod'ens
484 569 595 652 fuisse
618 581 861 676 conjicerem,
883 580 1076 678 quodnam
1110 597 1231 656 taumn
1254 610 1288 656 ex
1336 598 1341 646 ἓ

305 699 551 772 erodentibus
565 697 711 787 fuisset,
729 715 771 770 ut
790 701 979 796 peculiare
996 703 1140 799 opponi
1162 702 1290 773 antido·
1338 722 1342 782 Β

305 833 385 888 tum
406 833 548 914 posset,
572 842 650 886 non
670 815 875 889 constabat.
896 821 1036 888 Verum
1056 821 1096 888 in
1117 819 1288 916 superiore

306 961 460 1032 quoque
480 959 567 1006 casu
588 934 620 1030 (
629 935 642 1031 )
670 933 806 1005 eaedem
829 959 908 1007 esse
936 936 1146 1032 potuissent
1163 935 1340 1007 dubita
1335 924 1339 933 ’

228 1038 231 1046 ’
305 1054 437 1124 tiones.
458 1056 590 1148 Neque
608 1078 731 1136 enim
756 1067 797 1122 ut
819 1075 864 1122 ex
882 1053 1031 1124 silentio
1049 1077 1136 1124 meo
1158 1067 1235 1124 tute
1249 1078 1291 1123 ar
1338 1089 1342 1102 κ

306 1169 449 1268 guero,
466 1170 608 1241 ullum
600 1195 639 1240 1n
665 1171 811 1268 lingua,
839 1185 902 1241 aut
926 1169 1098 1242 faucibus
1126 1172 1291 1244 erosionis
1337 1153 1343 1220 Ῐ

304 1283 374 1357 fuit
384 1286 580 1360 ⁸indicium
593 1313 744 1386 ‚neque
765 1288 1006 1385 peculiariter
1032 1287 1225 1387 quodnam
1241 1311 1289 1358 ve·
1338 1302 1343 1338 ³

260 1463 265 1468 .
304 1431 446 1480 uenum
473 1405 602 1478 datum
629 1421 726 1477 esset
759 1405 945 1492 sciebam
967 1421 1004 1478 et
1031 1431 1152 1478 meam
1184 1423 1290 1479 tamen

304 1521 638 1596 erodentisveneni
654 1522 908 1618 conjecturam
916 1523 992 1611 lac,
1009 1539 1045 1596 et
1061 1549 1187 1623 serum
1208 1537 1292 1594 tanta
1343 1571 1344 1606 3

304 1666 392 1714 cum
417 1641 573 1712 utilitate
602 1639 756 1740 praebita
792 1629 1081 1728 confirmarunt,
1116 1641 1289 1737 simulque

304 1758 573 1846 ostenderunt,
593 1758 659 1830 ubi
677 1759 815 1831 veneni
835 1759 978 1855 species
1003 1761 1131 1858 ignota
1148 1773 1219 1859 est²
1233 1779 1290 1827 nec
1342 1803 1344 1806 -

302 1878 459 1976 proprio
479 1877 511 1973 ej
517 1902 558 1948 us
576 1876 663 1948 licet
677 1875 846 1948 remedio
859 1877 933 1966 uti;
948 1891 986 1948 at
999 1901 1045 1948 eo
1060 1876 1190 1947 saltem
1206 1891 1291 1948 uten-

304 1994 393 2068 dum
415 1975 494 2067 esse
510 1993 614 2091 quod
630 1994 745 2080 illius,
760 1993 902 2091 quippe
928 1995 1053 2064 minus
1073 1994 1225 2092 ignoto,
1241 2016 1289 2089 ge·

292 2115 387 2187 ,neri
407 2111 634 2184 adversatur.
671 2111 932 2208 Fecissemque
950 2111 1044 2206 adeo
1063 2112 1103 2180 in
1120 2135 1210 2183 casu
1233 2110 1291 2182 hoc

301 2229 420 2302 altero
449 2227 553 2326 quod
579 2231 618 2300 in
644 2229 793 2328 priore,
820 2229 892 2299 nisi
918 2228 1038 2299 multo
1073 2227 1204 2324 piures
1228 2227 1289 2324 jan

304 2371 534 2446 praegressae,
552 2370 654 2418 nunc
665 2361 788 2418 autem
798 2370 953 2442 prorsus
970 2345 1124 2418 sublatae
1139 2345 1291 2418 vomitio-
1345 2403 1346 2406 ,

197 2521 201 2528 .
305 2489 392 2552 neS,
408 2465 734 2561 dejectionesque,
749 2463 952 2561 nullusque
969 2477 1158 2560 superstes
1173 2485 1292 2560 angor,

304 2582 407 2656 nulla
426 2583 589 2662 tormina
607 2582 767 2680 ejectum
784 2582 860 2677 jam
879 2605 1068 2654 venenum
1092 2581 1172 2652 visa
1190 2591 1292 2652 essent
1343 2666 1344 2675 ἵ

302 2699 522 2798 significare.
546 2703 686 2772 Tamen
708 2698 832 2796 siquid
853 2695 948 2770 forte
963 2699 1089 2772 adhuc
1109 2700 1293 2787 restitaret,

302 2833 343 2888 ut
356 2841 595 2890 occurrerem
608 2869 618 2902 ‚
633 2815 821 2913 simulque
839 2831 881 2887 ut
898 2817 995 2902 sitis,
1008 2799 1205 2906 et-febris,
1225 2837 1292 2912 quae

302 2950 444 3010 tantam
459 2934 744 3007 evacuationum
772 2935 940 3032 copiam,
958 2949 1179 3032 tantamque
1204 2943 1292 3006 erant

302 3054 596 3128 commotionem
625 3067 768 3139 secuta,
792 3052 976 3122 rationem
997 3049 1177 3123 haberem
1197 3035 1217 3141 ζ
1234 3045 1291 3122 seri

301 3167 509 3268 plurimum
533 3166 741 3240 bibendum
759 3167 846 3240 dedi
870 3166 1063 3240 sacerdoti.
1080 3168 1247 3266 quidem,
1263 3175 1290 3234 et

302 3287 461 3358 mulieri.
479 3290 573 3357 Nam
594 3285 695 3374 viro,
718 3286 784 3383 qui
801 3311 926 3384 neque
939 3283 1078 3374 sitiret,
1100 3310 1225 3416 neque
1250 3278 1289 3352 ie·

302 3401 495 3476 bricitaret
507 3429 658 3501 ‚neque
671 3401 773 3474 aliud
788 3427 809 3473 a
822 3428 880 3474 me
900 3417 1063 3502 peteret,
1076 3401 1152 3475 nisi
1165 3417 1206 3474 ut
1219 3421 1291 3500 pon·

303 3519 404 3591 dens
415 3544 584 3608 sensum
598 3519 852 3618 ventriculum
877 3521 1087 3617 gravantis,
1107 3517 1291 3595 auferrem,
1345 3501 1346 3506 ¹

304 3633 410 3710 facile
431 3661 549 3708 annm
538 3636 646 3710 oleo
666 3613 1011 3736 datssetimygdalino
1025 3661 1075 3710 ea
1100 3651 1244 3734 mente,
1259 3639 1291 3699 υἱ

314 3839 1289 3874 ιι-..--ι---.-......-.-..-..---....μ......ι-.....-,ιι...ι-...ι......-ι-ιιι··“1

342 4005 493 4085 mm
