<?xml version="1.0" encoding="UTF-8"?>
<!DOCTYPE html PUBLIC "-//W3C//DTD XHTML 1.0 Transitional//EN"
    "http://www.w3.org/TR/xhtml1/DTD/xhtml1-transitional.dtd">
<html xmlns="http://www.w3.org/1999/xhtml" xml:lang="en" lang="en">
 <head>
  <title>
</title>
<meta http-equiv="Content-Type" content="text/html;charset=utf-8" />
  <meta name='ocr-system' content='tesseract 3.04.00' />
  <meta name='ocr-capabilities' content='ocr_page ocr_carea ocr_par ocr_line ocrx_word'/>
</head>
<body>
  <div class='ocr_page' id='page_1' title='image "./desedibusetcaus02adelgoog_0194.png"; bbox 0 0 2700 4660; ppageno 0'>
   <div class='ocr_carea' id='block_1_1' title="bbox 90 405 1037 495">
    <p class='ocr_par' dir='ltr' id='par_1_1' title="bbox 90 405 1037 495">
     <span class='ocr_line' id='line_1_1' title="bbox 90 405 1037 495; baseline 0.002 -27"><span class='ocrx_word' id='word_1_1' title='bbox 90 421 157 469; x_wconf 85' lang='lat' dir='ltr'><strong>mu.</strong></span> <span class='ocrx_word' id='word_1_2' title='bbox 168 418 219 468; x_wconf 84' lang='lat' dir='ltr'><strong>tv.</strong></span> <span class='ocrx_word' id='word_1_3' title='bbox 234 419 284 466; x_wconf 77' lang='lat' dir='ltr'><strong>nn</strong></span> <span class='ocrx_word' id='word_1_4' title='bbox 294 414 429 466; x_wconf 75' lang='lat' dir='ltr'><strong>uonnrs</strong></span> <span class='ocrx_word' id='word_1_5' title='bbox 439 415 636 480; x_wconf 63' lang='lat' dir='ltr'><strong>aurnuns„</strong></span> <span class='ocrx_word' id='word_1_6' title='bbox 651 405 720 464; x_wconf 78' lang='lat' dir='ltr'><strong>etc.</strong></span> <span class='ocrx_word' id='word_1_7' title='bbox 733 415 845 466; x_wconf 78' lang='lat' dir='ltr'><strong>nrtsr.</strong></span> <span class='ocrx_word' id='word_1_8' title='bbox 854 419 942 466; x_wconf 80' lang='lat' dir='ltr'><strong>nvn.</strong></span> <span class='ocrx_word' id='word_1_9' title='bbox 973 419 1037 495; x_wconf 83' lang='lat'><strong>¹9¹</strong></span> 
     </span>
    </p>
   </div>
   <div class='ocr_carea' id='block_1_2' title="bbox 43 529 1054 3565">
    <p class='ocr_par' dir='ltr' id='par_1_2' title="bbox 43 529 1054 3208">
     <span class='ocr_line' id='line_1_2' title="bbox 46 529 1045 632; baseline 0 -24"><span class='ocrx_word' id='word_1_10' title='bbox 46 536 148 608; x_wconf 88' lang='lat' dir='ltr'><strong>metsi</strong></span> <span class='ocrx_word' id='word_1_11' title='bbox 164 533 292 606; x_wconf 90' lang='lat' dir='ltr'><strong>necin</strong></span> <span class='ocrx_word' id='word_1_12' title='bbox 310 531 435 602; x_wconf 91' lang='lat' dir='ltr'><strong>rotula</strong></span> <span class='ocrx_word' id='word_1_13' title='bbox 452 529 663 626; x_wconf 83' lang='lat' dir='ltr'>quidquam</span> <span class='ocrx_word' id='word_1_14' title='bbox 687 530 785 620; x_wconf 88' lang='lat' dir='ltr'><strong>vitii,</strong></span> <span class='ocrx_word' id='word_1_15' title='bbox 803 557 929 632; x_wconf 87' lang='lat' dir='ltr'><strong>neque</strong></span> <span class='ocrx_word' id='word_1_16' title='bbox 955 535 1045 607; x_wconf 82' lang='lat' dir='ltr'><strong>alibi</strong></span> 
     </span>
     <span class='ocr_line' id='line_1_3' title="bbox 46 645 1044 748; baseline 0 -24"><span class='ocrx_word' id='word_1_17' title='bbox 46 655 81 724; x_wconf 93' lang='lat' dir='ltr'><strong>in</strong></span> <span class='ocrx_word' id='word_1_18' title='bbox 94 666 174 724; x_wconf 92' lang='lat' dir='ltr'><strong>toto</strong></span> <span class='ocrx_word' id='word_1_19' title='bbox 194 650 359 722; x_wconf 87' lang='lat' dir='ltr'><strong>articulo</strong></span> <span class='ocrx_word' id='word_1_20' title='bbox 375 662 593 746; x_wconf 83' lang='lat' dir='ltr'><strong>appareret3</strong></span> <span class='ocrx_word' id='word_1_21' title='bbox 623 645 765 720; x_wconf 90' lang='lat' dir='ltr'><strong>nedum</strong></span> <span class='ocrx_word' id='word_1_22' title='bbox 787 649 931 748; x_wconf 80' lang='lat' dir='ltr'><strong>globuli</strong></span> <span class='ocrx_word' id='word_1_23' title='bbox 947 666 1044 724; x_wconf 84' lang='lat' dir='ltr'><strong>exta-</strong></span> 
     </span>
     <span class='ocr_line' id='line_1_4' title="bbox 45 763 1046 860; baseline -0.003 -19"><span class='ocrx_word' id='word_1_24' title='bbox 45 784 122 842; x_wconf 87' lang='lat' dir='ltr'><strong>rent</strong></span> <span class='ocrx_word' id='word_1_25' title='bbox 134 766 243 838; x_wconf 94' lang='lat' dir='ltr'><strong>nulli.</strong></span> <span class='ocrx_word' id='word_1_26' title='bbox 257 769 431 857; x_wconf 88' lang='lat' dir='ltr'><strong>Quorum</strong></span> <span class='ocrx_word' id='word_1_27' title='bbox 445 763 739 860; x_wconf 85' lang='lat' dir='ltr'><strong>descriptionem</strong></span> <span class='ocrx_word' id='word_1_28' title='bbox 757 789 803 836; x_wconf 91' lang='lat' dir='ltr'><strong>eo</strong></span> <span class='ocrx_word' id='word_1_29' title='bbox 823 765 949 838; x_wconf 88' lang='lat' dir='ltr'><strong>minus</strong></span> <span class='ocrx_word' id='word_1_30' title='bbox 963 793 1046 841; x_wconf 90' lang='lat' dir='ltr'><strong>cen·</strong></span> 
     </span>
     <span class='ocr_line' id='line_1_5' title="bbox 45 879 1045 982; baseline -0.001 -24"><span class='ocrx_word' id='word_1_31' title='bbox 45 887 96 958; x_wconf 88' lang='lat' dir='ltr'><strong>sui</strong></span> <span class='ocrx_word' id='word_1_32' title='bbox 117 879 495 982; x_wconf 79' lang='lat' dir='ltr'><strong>praetermittendam,</strong></span> <span class='ocrx_word' id='word_1_33' title='bbox 525 879 629 976; x_wconf 89' lang='lat' dir='ltr'><strong>qnod</strong></span> <span class='ocrx_word' id='word_1_34' title='bbox 652 881 862 954; x_wconf 86' lang='lat' dir='ltr'><strong>istiusmodi</strong></span> <span class='ocrx_word' id='word_1_35' title='bbox 881 884 921 954; x_wconf 88' lang='lat' dir='ltr'><strong>iu</strong></span> <span class='ocrx_word' id='word_1_36' title='bbox 945 910 1045 982; x_wconf 84' lang='lat' dir='ltr'><strong>genu</strong></span> 
     </span>
     <span class='ocr_line' id='line_1_6' title="bbox 46 994 1047 1098; baseline 0.002 -27"><span class='ocrx_word' id='word_1_37' title='bbox 46 1000 162 1072; x_wconf 83' lang='lat' dir='ltr'><strong>morbi</strong></span> <span class='ocrx_word' id='word_1_38' title='bbox 188 1001 261 1098; x_wconf 90' lang='lat' dir='ltr'><strong>qui</strong></span> <span class='ocrx_word' id='word_1_39' title='bbox 279 1000 511 1070; x_wconf 88' lang='lat' dir='ltr'><strong>mentionem</strong></span> <span class='ocrx_word' id='word_1_40' title='bbox 532 994 679 1085; x_wconf 84' lang='lat' dir='ltr'><strong>fecerit,</strong></span> <span class='ocrx_word' id='word_1_41' title='bbox 698 999 891 1072; x_wconf 86' lang='lat' dir='ltr'><strong>neminem</strong></span> <span class='ocrx_word' id='word_1_42' title='bbox 915 1002 1047 1074; x_wconf 84' lang='lat' dir='ltr'><strong>videor</strong></span> 
     </span>
     <span class='ocr_line' id='line_1_7' title="bbox 45 1115 1047 1217; baseline 0.003 -28"><span class='ocrx_word' id='word_1_43' title='bbox 45 1118 168 1217; x_wconf 85' lang='lat' dir='ltr'><strong>legisse</strong></span> <span class='ocrx_word' id='word_1_44' title='bbox 185 1117 261 1214; x_wconf 86' lang='lat'><strong>(1).</strong></span> <span class='ocrx_word' id='word_1_45' title='bbox 279 1121 322 1190; x_wconf 93' lang='lat' dir='ltr'><strong>In</strong></span> <span class='ocrx_word' id='word_1_46' title='bbox 341 1117 414 1188; x_wconf 91' lang='lat' dir='ltr'><strong>alio</strong></span> <span class='ocrx_word' id='word_1_47' title='bbox 431 1130 560 1194; x_wconf 88' lang='lat' dir='ltr'><strong>tamen</strong></span> <span class='ocrx_word' id='word_1_48' title='bbox 576 1115 736 1188; x_wconf 86' lang='lat' dir='ltr'><strong>articulo</strong></span> <span class='ocrx_word' id='word_1_49' title='bbox 759 1117 811 1190; x_wconf 91' lang='lat' dir='ltr'><strong>sic</strong></span> <span class='ocrx_word' id='word_1_50' title='bbox 838 1119 924 1190; x_wconf 87' lang='lat' dir='ltr'><strong>satis</strong></span> <span class='ocrx_word' id='word_1_51' title='bbox 946 1120 1047 1192; x_wconf 89' lang='lat' dir='ltr'><strong>simi·</strong></span> 
     </span>
     <span class='ocr_line' id='line_1_8' title="bbox 46 1233 1049 1332; baseline 0.004 -26"><span class='ocrx_word' id='word_1_52' title='bbox 46 1235 105 1325; x_wconf 92' lang='lat' dir='ltr'><strong>lis,</strong></span> <span class='ocrx_word' id='word_1_53' title='bbox 122 1261 213 1310; x_wconf 91' lang='lat' dir='ltr'><strong>cum</strong></span> <span class='ocrx_word' id='word_1_54' title='bbox 241 1235 322 1308; x_wconf 84' lang='lat' dir='ltr'><strong>haec</strong></span> <span class='ocrx_word' id='word_1_55' title='bbox 338 1257 592 1321; x_wconf 82' lang='lat' dir='ltr'><strong>recenserem,</strong></span> <span class='ocrx_word' id='word_1_56' title='bbox 618 1233 759 1332; x_wconf 92' lang='lat' dir='ltr'><strong>prodiit</strong></span> <span class='ocrx_word' id='word_1_57' title='bbox 774 1234 985 1309; x_wconf 85' lang='lat' dir='ltr'><strong>observatio</strong></span> <span class='ocrx_word' id='word_1_58' title='bbox 1004 1241 1049 1310; x_wconf 91' lang='lat' dir='ltr'><strong>il·</strong></span> 
     </span>
     <span class='ocr_line' id='line_1_9' title="bbox 50 1337 1048 1451; baseline 0.005 -27"><span class='ocrx_word' id='word_1_59' title='bbox 50 1354 172 1428; x_wconf 91' lang='lat' dir='ltr'><strong>lustris</strong></span> <span class='ocrx_word' id='word_1_60' title='bbox 188 1341 342 1426; x_wconf 38' lang='lat' dir='ltr'><strong>‘Helleri</strong></span> <span class='ocrx_word' id='word_1_61' title='bbox 360 1352 425 1448; x_wconf 76' lang='lat' dir='ltr'><strong>(a).</strong></span> <span class='ocrx_word' id='word_1_62' title='bbox 446 1352 597 1424; x_wconf 87' lang='lat' dir='ltr'><strong>Scilicet</strong></span> <span class='ocrx_word' id='word_1_63' title='bbox 613 1354 652 1422; x_wconf 90' lang='lat' dir='ltr'><strong>in</strong></span> <span class='ocrx_word' id='word_1_64' title='bbox 669 1337 859 1451; x_wconf 77' lang='lat' dir='ltr'><strong>decrepita</strong></span> <span class='ocrx_word' id='word_1_65' title='bbox 875 1356 1048 1445; x_wconf 90' lang='lat' dir='ltr'><strong>muliere,</strong></span> 
     </span>
     <span class='ocr_line' id='line_1_10' title="bbox 51 1469 1048 1569; baseline 0.004 -27"><span class='ocrx_word' id='word_1_66' title='bbox 51 1473 150 1568; x_wconf 87' lang='lat' dir='ltr'><strong>eujus</strong></span> <span class='ocrx_word' id='word_1_67' title='bbox 176 1473 325 1544; x_wconf 84' lang='lat' dir='ltr'><strong>arteriae</strong></span> <span class='ocrx_word' id='word_1_68' title='bbox 357 1469 507 1569; x_wconf 89' lang='lat' dir='ltr'><strong>plures,</strong></span> <span class='ocrx_word' id='word_1_69' title='bbox 525 1486 563 1544; x_wconf 91' lang='lat' dir='ltr'><strong>et</strong></span> <span class='ocrx_word' id='word_1_70' title='bbox 592 1471 725 1568; x_wconf 85' lang='lat' dir='ltr'><strong>aliquae</strong></span> <span class='ocrx_word' id='word_1_71' title='bbox 748 1471 872 1544; x_wconf 82' lang='lat' dir='ltr'><strong>cordis</strong></span> <span class='ocrx_word' id='word_1_72' title='bbox 893 1474 1048 1546; x_wconf 87' lang='lat' dir='ltr'><strong>valvulae</strong></span> 
     </span>
     <span class='ocr_line' id='line_1_11' title="bbox 50 1587 1051 1688; baseline 0.002 -26"><span class='ocrx_word' id='word_1_73' title='bbox 50 1592 157 1663; x_wconf 90' lang='lat' dir='ltr'><strong>osseis</strong></span> <span class='ocrx_word' id='word_1_74' title='bbox 190 1589 380 1688; x_wconf 85' lang='lat' dir='ltr'><strong>squamis,</strong></span> <span class='ocrx_word' id='word_1_75' title='bbox 412 1587 639 1660; x_wconf 88' lang='lat' dir='ltr'><strong>autharum</strong></span> <span class='ocrx_word' id='word_1_76' title='bbox 670 1588 946 1664; x_wconf 85' lang='lat' dir='ltr'><strong>inchoamentis</strong></span> <span class='ocrx_word' id='word_1_77' title='bbox 971 1618 1051 1664; x_wconf 93' lang='lat' dir='ltr'><strong>non</strong></span> 
     </span>
     <span class='ocr_line' id='line_1_12' title="bbox 52 1704 1050 1794; baseline 0.006 -16"><span class='ocrx_word' id='word_1_78' title='bbox 52 1707 247 1794; x_wconf 81' lang='lat' dir='ltr'><strong>carebant,</strong></span> <span class='ocrx_word' id='word_1_79' title='bbox 270 1706 361 1779; x_wconf 91' lang='lat' dir='ltr'><strong>dum</strong></span> <span class='ocrx_word' id='word_1_80' title='bbox 387 1704 576 1778; x_wconf 83' lang='lat' dir='ltr'><strong>inferioris</strong></span> <span class='ocrx_word' id='word_1_81' title='bbox 604 1707 762 1778; x_wconf 83' lang='lat' dir='ltr'><strong>maxillae</strong></span> <span class='ocrx_word' id='word_1_82' title='bbox 789 1733 875 1780; x_wconf 89' lang='lat' dir='ltr'><strong>cum</strong></span> <span class='ocrx_word' id='word_1_83' title='bbox 902 1711 1050 1784; x_wconf 91' lang='lat' dir='ltr'><strong>ossibus</strong></span> 
     </span>
     <span class='ocr_line' id='line_1_13' title="bbox 50 1823 1052 1923; baseline 0.006 -29"><span class='ocrx_word' id='word_1_84' title='bbox 50 1836 265 1923; x_wconf 89' lang='lat' dir='ltr'><strong>temporum</strong></span> <span class='ocrx_word' id='word_1_85' title='bbox 291 1823 470 1896; x_wconf 84' lang='lat' dir='ltr'><strong>articulos</strong></span> <span class='ocrx_word' id='word_1_86' title='bbox 486 1823 772 1922; x_wconf 85' lang='lat' dir='ltr'><strong>introspiceret3</strong></span> <span class='ocrx_word' id='word_1_87' title='bbox 800 1825 939 1898; x_wconf 90' lang='lat' dir='ltr'><strong>horum</strong></span> <span class='ocrx_word' id='word_1_88' title='bbox 960 1829 1052 1900; x_wconf 89' lang='lat' dir='ltr'><strong>alte·</strong></span> 
     </span>
     <span class='ocr_line' id='line_1_14' title="bbox 50 1939 1048 2040; baseline 0.007 -31"><span class='ocrx_word' id='word_1_89' title='bbox 50 1965 124 2010; x_wconf 90' lang='lat' dir='ltr'><strong>rum</strong></span> <span class='ocrx_word' id='word_1_90' title='bbox 137 1940 407 2026; x_wconf 83' lang='lat' dir='ltr'><strong>animadvertit</strong></span> <span class='ocrx_word' id='word_1_91' title='bbox 422 1939 609 2010; x_wconf 86' lang='lat' dir='ltr'><strong>nudatum</strong></span> <span class='ocrx_word' id='word_1_92' title='bbox 638 1955 763 2012; x_wconf 84' lang='lat' dir='ltr'><strong>crusta</strong></span> <span class='ocrx_word' id='word_1_93' title='bbox 781 1941 1048 2040; x_wconf 77' lang='lat' dir='ltr'><strong>cartilaginea,</strong></span> 
     </span>
     <span class='ocr_line' id='line_1_15' title="bbox 51 2055 1047 2159; baseline 0.005 -31"><span class='ocrx_word' id='word_1_94' title='bbox 51 2065 397 2154; x_wconf 82' lang='lat' dir='ltr'><strong>ctmcnr‘scampene</strong></span> <span class='ocrx_word' id='word_1_95' title='bbox 408 2055 604 2134; x_wconf 81' lang='lat' dir='ltr'><strong>dimidium</strong></span> <span class='ocrx_word' id='word_1_96' title='bbox 622 2073 881 2156; x_wconf 83' lang='lat' dir='ltr'><strong>consumptum</strong></span> <span class='ocrx_word' id='word_1_97' title='bbox 907 2076 944 2132; x_wconf 86' lang='lat' dir='ltr'><strong>ct</strong></span> <span class='ocrx_word' id='word_1_98' title='bbox 953 2088 1047 2159; x_wconf 83' lang='lat' dir='ltr'><strong>per·</strong></span> 
     </span>
     <span class='ocr_line' id='line_1_16' title="bbox 43 2175 1049 2271; baseline 0.006 -25"><span class='ocrx_word' id='word_1_99' title='bbox 43 2175 219 2264; x_wconf 71' lang='lat' dir='ltr'><strong>stratam.</strong></span> <span class='ocrx_word' id='word_1_100' title='bbox 254 2177 423 2248; x_wconf 78' lang='lat' dir='ltr'><strong>Crustam</strong></span> <span class='ocrx_word' id='word_1_101' title='bbox 447 2198 563 2271; x_wconf 84' lang='lat' dir='ltr'><strong>quam</strong></span> <span class='ocrx_word' id='word_1_102' title='bbox 583 2179 690 2246; x_wconf 83' lang='lat' dir='ltr'><strong>tritas</strong></span> <span class='ocrx_word' id='word_1_103' title='bbox 713 2175 922 2268; x_wconf 81' lang='lat' dir='ltr'><strong>deleverat,</strong></span> <span class='ocrx_word' id='word_1_104' title='bbox 951 2179 1049 2252; x_wconf 84' lang='lat' dir='ltr'><strong>idem</strong></span> 
     </span>
     <span class='ocr_line' id='line_1_17' title="bbox 54 2288 1048 2388; baseline 0.012 -31"><span class='ocrx_word' id='word_1_105' title='bbox 54 2297 150 2363; x_wconf 83' lang='lat' dir='ltr'><strong>tritus</strong></span> <span class='ocrx_word' id='word_1_106' title='bbox 167 2298 207 2362; x_wconf 84' lang='lat' dir='ltr'><strong>in</strong></span> <span class='ocrx_word' id='word_1_107' title='bbox 220 2288 395 2388; x_wconf 78' lang='lat' dir='ltr'><strong>globulos</strong></span> <span class='ocrx_word' id='word_1_108' title='bbox 402 2291 492 2381; x_wconf 86' lang='lat' dir='ltr'><strong>fere</strong></span> <span class='ocrx_word' id='word_1_109' title='bbox 508 2293 641 2386; x_wconf 77' lang='lat' dir='ltr'><strong>viginti</strong></span> <span class='ocrx_word' id='word_1_110' title='bbox 656 2307 878 2384; x_wconf 83' lang='lat' dir='ltr'><strong>mutaverat,</strong></span> <span class='ocrx_word' id='word_1_111' title='bbox 895 2302 1048 2368; x_wconf 77' lang='lat' dir='ltr'><strong>semior-</strong></span> 
     </span>
     <span class='ocr_line' id='line_1_18' title="bbox 52 2405 1048 2505; baseline 0.012 -29"><span class='ocrx_word' id='word_1_112' title='bbox 52 2431 121 2478; x_wconf 85' lang='lat' dir='ltr'><strong>seos</strong></span> <span class='ocrx_word' id='word_1_113' title='bbox 130 2463 142 2496; x_wconf 92' lang='lat'><strong>,</strong></span> <span class='ocrx_word' id='word_1_114' title='bbox 169 2425 209 2482; x_wconf 85' lang='lat' dir='ltr'><strong>et</strong></span> <span class='ocrx_word' id='word_1_115' title='bbox 227 2414 266 2478; x_wconf 84' lang='lat' dir='ltr'><strong>in</strong></span> <span class='ocrx_word' id='word_1_116' title='bbox 282 2405 447 2505; x_wconf 70' lang='lat' dir='ltr'><strong>capsulae</strong></span> <span class='ocrx_word' id='word_1_117' title='bbox 467 2431 581 2478; x_wconf 84' lang='lat' dir='ltr'><strong>cavea</strong></span> <span class='ocrx_word' id='word_1_118' title='bbox 605 2407 719 2479; x_wconf 83' lang='lat' dir='ltr'><strong>libere</strong></span> <span class='ocrx_word' id='word_1_119' title='bbox 734 2411 918 2485; x_wconf 86' lang='lat' dir='ltr'><strong>collectos.</strong></span> <span class='ocrx_word' id='word_1_120' title='bbox 939 2419 982 2486; x_wconf 93' lang='lat' dir='ltr'><strong>In</strong></span> <span class='ocrx_word' id='word_1_121' title='bbox 999 2418 1048 2488; x_wconf 88' lang='lat' dir='ltr'><strong>al·</strong></span> 
     </span>
     <span class='ocr_line' id='line_1_19' title="bbox 54 2524 1046 2622; baseline 0.012 -30"><span class='ocrx_word' id='word_1_122' title='bbox 54 2525 298 2598; x_wconf 86' lang='lat' dir='ltr'><strong>teroarticulo</strong></span> <span class='ocrx_word' id='word_1_123' title='bbox 317 2530 451 2596; x_wconf 86' lang='lat' dir='ltr'><strong>miram</strong></span> <span class='ocrx_word' id='word_1_124' title='bbox 474 2524 548 2596; x_wconf 91' lang='lat' dir='ltr'><strong>hoc</strong></span> <span class='ocrx_word' id='word_1_125' title='bbox 570 2527 823 2622; x_wconf 84' lang='lat' dir='ltr'><strong>spectaculum</strong></span> <span class='ocrx_word' id='word_1_126' title='bbox 850 2555 929 2602; x_wconf 90' lang='lat' dir='ltr'><strong>non</strong></span> <span class='ocrx_word' id='word_1_127' title='bbox 949 2549 1046 2620; x_wconf 84' lang='lat' dir='ltr'><strong>erat,</strong></span> 
     </span>
     <span class='ocr_line' id='line_1_20' title="bbox 54 2642 1054 2745; baseline 0.011 -35"><span class='ocrx_word' id='word_1_128' title='bbox 54 2643 109 2714; x_wconf 88' lang='lat' dir='ltr'><strong>sed</strong></span> <span class='ocrx_word' id='word_1_129' title='bbox 129 2645 260 2716; x_wconf 82' lang='lat' dir='ltr'><strong>omnia</strong></span> <span class='ocrx_word' id='word_1_130' title='bbox 284 2642 493 2715; x_wconf 90' lang='lat' dir='ltr'><strong>secundum</strong></span> <span class='ocrx_word' id='word_1_131' title='bbox 514 2655 699 2712; x_wconf 84' lang='lat' dir='ltr'><strong>naturam.</strong></span> <span class='ocrx_word' id='word_1_132' title='bbox 731 2645 861 2730; x_wconf 84' lang='lat' dir='ltr'><strong>Plura,</strong></span> <span class='ocrx_word' id='word_1_133' title='bbox 892 2649 922 2718; x_wconf 90' lang='lat' dir='ltr'><strong>si</strong></span> <span class='ocrx_word' id='word_1_134' title='bbox 939 2649 1054 2745; x_wconf 83' lang='lat' dir='ltr'><strong>plura</strong></span> 
     </span>
     <span class='ocr_line' id='line_1_21' title="bbox 54 2757 1048 2858; baseline 0.012 -30"><span class='ocrx_word' id='word_1_135' title='bbox 54 2758 264 2851; x_wconf 86' lang='lat' dir='ltr'><strong>addidisset,</strong></span> <span class='ocrx_word' id='word_1_136' title='bbox 280 2757 532 2832; x_wconf 87' lang='lat' dir='ltr'><strong>describerem</strong></span> <span class='ocrx_word' id='word_1_137' title='bbox 546 2758 630 2846; x_wconf 92' lang='lat' dir='ltr'><strong>tibi,</strong></span> <span class='ocrx_word' id='word_1_138' title='bbox 648 2774 691 2831; x_wconf 93' lang='lat' dir='ltr'><strong>ut</strong></span> <span class='ocrx_word' id='word_1_139' title='bbox 710 2764 837 2858; x_wconf 85' lang='lat' dir='ltr'><strong>omnia</strong></span> <span class='ocrx_word' id='word_1_140' title='bbox 859 2787 945 2836; x_wconf 89' lang='lat' dir='ltr'><strong>cum</strong></span> <span class='ocrx_word' id='word_1_141' title='bbox 964 2791 1048 2840; x_wconf 86' lang='lat' dir='ltr'><strong>mea</strong></span> 
     </span>
     <span class='ocr_line' id='line_1_22' title="bbox 53 2873 1048 2984; baseline 0.012 -38"><span class='ocrx_word' id='word_1_142' title='bbox 53 2899 173 2972; x_wconf 88' lang='lat' dir='ltr'><strong>posses</strong></span> <span class='ocrx_word' id='word_1_143' title='bbox 204 2876 467 2950; x_wconf 84' lang='lat' dir='ltr'><strong>observatione</strong></span> <span class='ocrx_word' id='word_1_144' title='bbox 496 2873 681 2947; x_wconf 85' lang='lat' dir='ltr'><strong>conferre.</strong></span> <span class='ocrx_word' id='word_1_145' title='bbox 713 2881 855 2984; x_wconf 66' lang='lat' dir='ltr'><strong>Verum</strong></span> <span class='ocrx_word' id='word_1_146' title='bbox 884 2907 955 2954; x_wconf 92' lang='lat' dir='ltr'><strong>nec</strong></span> <span class='ocrx_word' id='word_1_147' title='bbox 976 2885 1048 2983; x_wconf 90' lang='lat' dir='ltr'><strong>ipsi</strong></span> 
     </span>
     <span class='ocr_line' id='line_1_23' title="bbox 56 2991 1047 3094; baseline 0.011 -32"><span class='ocrx_word' id='word_1_148' title='bbox 56 3013 118 3089; x_wconf 92' lang='lat' dir='ltr'><strong>pro</strong></span> <span class='ocrx_word' id='word_1_149' title='bbox 136 3010 242 3070; x_wconf 93' lang='lat' dir='ltr'><strong>certo</strong></span> <span class='ocrx_word' id='word_1_150' title='bbox 258 2993 459 3066; x_wconf 89' lang='lat' dir='ltr'><strong>resciscere</strong></span> <span class='ocrx_word' id='word_1_151' title='bbox 467 2991 591 3080; x_wconf 90' lang='lat' dir='ltr'><strong>licuit,</strong></span> <span class='ocrx_word' id='word_1_152' title='bbox 607 2992 824 3083; x_wconf 85' lang='lat' dir='ltr'><strong>utvidetur,</strong></span> <span class='ocrx_word' id='word_1_153' title='bbox 838 2998 1047 3094; x_wconf 86' lang='lat' dir='ltr'><strong>quidinde,</strong></span> 
     </span>
     <span class='ocr_line' id='line_1_24' title="bbox 57 3109 865 3208; baseline 0.004 -25"><span class='ocrx_word' id='word_1_154' title='bbox 57 3130 278 3206; x_wconf 86' lang='lat' dir='ltr'><strong>quantumve</strong></span> <span class='ocrx_word' id='word_1_155' title='bbox 294 3109 528 3182; x_wconf 90' lang='lat' dir='ltr'><strong>incommodi</strong></span> <span class='ocrx_word' id='word_1_156' title='bbox 548 3112 706 3208; x_wconf 88' lang='lat' dir='ltr'><strong>cepisset</strong></span> <span class='ocrx_word' id='word_1_157' title='bbox 716 3109 865 3186; x_wconf 83' lang='lat' dir='ltr'><strong>femina.</strong></span> 
     </span>
    </p>

    <p class='ocr_par' dir='ltr' id='par_1_3' title="bbox 57 3226 1048 3565">
     <span class='ocr_line' id='line_1_25' title="bbox 98 3226 1048 3328; baseline 0.009 -28"><span class='ocrx_word' id='word_1_158' title='bbox 98 3231 169 3302; x_wconf 92' lang='lat' dir='ltr'><strong>Sed</strong></span> <span class='ocrx_word' id='word_1_159' title='bbox 183 3253 309 3326; x_wconf 89' lang='lat' dir='ltr'><strong>neque</strong></span> <span class='ocrx_word' id='word_1_160' title='bbox 325 3229 376 3298; x_wconf 92' lang='lat' dir='ltr'><strong>ita</strong></span> <span class='ocrx_word' id='word_1_161' title='bbox 396 3226 617 3324; x_wconf 82' lang='lat' dir='ltr'><strong>multoslegi</strong></span> <span class='ocrx_word' id='word_1_162' title='bbox 634 3229 752 3325; x_wconf 90' lang='lat' dir='ltr'><strong>quiid</strong></span> <span class='ocrx_word' id='word_1_163' title='bbox 769 3255 886 3328; x_wconf 82' lang='lat' dir='ltr'><strong>genus</strong></span> <span class='ocrx_word' id='word_1_164' title='bbox 903 3258 1048 3310; x_wconf 65' lang='lat' dir='ltr'><strong>,memo-</strong></span> 
     </span>
     <span class='ocr_line' id='line_1_26' title="bbox 57 3343 1048 3450; baseline 0.012 -36"><span class='ocrx_word' id='word_1_165' title='bbox 57 3349 213 3420; x_wconf 88' lang='lat' dir='ltr'><strong>raverint</strong></span> <span class='ocrx_word' id='word_1_166' title='bbox 238 3343 492 3441; x_wconf 87' lang='lat' dir='ltr'><strong>corruptionis</strong></span> <span class='ocrx_word' id='word_1_167' title='bbox 515 3343 729 3418; x_wconf 86' lang='lat' dir='ltr'><strong>substantiae</strong></span> <span class='ocrx_word' id='word_1_168' title='bbox 756 3347 921 3440; x_wconf 90' lang='lat' dir='ltr'><strong>cerebri;</strong></span> <span class='ocrx_word' id='word_1_169' title='bbox 942 3353 1048 3450; x_wconf 93' lang='lat' dir='ltr'><strong>quod</strong></span> 
     </span>
     <span class='ocr_line' id='line_1_27' title="bbox 59 3451 1048 3565; baseline 0.013 -34"><span class='ocrx_word' id='word_1_170' title='bbox 59 3478 95 3533; x_wconf 90' lang='lat' dir='ltr'><strong>ut</strong></span> <span class='ocrx_word' id='word_1_171' title='bbox 107 3451 222 3537; x_wconf 81' lang='lat' dir='ltr'><strong>ferme</strong></span> <span class='ocrx_word' id='word_1_172' title='bbox 234 3464 275 3534; x_wconf 88' lang='lat' dir='ltr'><strong>in</strong></span> <span class='ocrx_word' id='word_1_173' title='bbox 294 3461 422 3560; x_wconf 83' lang='lat' dir='ltr'><strong>paucis</strong></span> <span class='ocrx_word' id='word_1_174' title='bbox 441 3461 520 3532; x_wconf 87' lang='lat' dir='ltr'><strong>aliis</strong></span> <span class='ocrx_word' id='word_1_175' title='bbox 532 3460 611 3557; x_wconf 82' lang='lat'><strong>(3),</strong></span> <span class='ocrx_word' id='word_1_176' title='bbox 628 3464 680 3532; x_wconf 90' lang='lat' dir='ltr'><strong>sic</strong></span> <span class='ocrx_word' id='word_1_177' title='bbox 695 3464 735 3536; x_wconf 87' lang='lat' dir='ltr'><strong>in</strong></span> <span class='ocrx_word' id='word_1_178' title='bbox 756 3467 949 3565; x_wconf 85' lang='lat' dir='ltr'><strong>proposita</strong></span> <span class='ocrx_word' id='word_1_179' title='bbox 971 3496 1048 3544; x_wconf 86' lang='lat' dir='ltr'><strong>anu</strong></span> 
     </span>
    </p>
   </div>
   <div class='ocr_carea' id='block_1_3' title="bbox 72 3637 1049 3666">
    <p class='ocr_par' dir='ltr' id='par_1_4' title="bbox 72 3637 1049 3666">
     <span class='ocr_line' id='line_1_28' title="bbox 72 3637 1049 3666; baseline 0.002 -10"><span class='ocrx_word' id='word_1_180' title='bbox 72 3637 1049 3666; x_wconf 53' lang='lat' dir='ltr'><em>W</em></span> 
     </span>
    </p>
   </div>
   <div class='ocr_carea' id='block_1_4' title="bbox 93 3759 842 4040">
    <p class='ocr_par' dir='ltr' id='par_1_5' title="bbox 93 3759 842 4040">
     <span class='ocr_line' id='line_1_29' title="bbox 93 3759 506 3840; baseline -0.002 -24"><span class='ocrx_word' id='word_1_181' title='bbox 93 3759 134 3840; x_wconf 85' lang='grc' dir='ltr'><strong>(ι)</strong></span> <span class='ocrx_word' id='word_1_182' title='bbox 153 3761 224 3818; x_wconf 83' lang='lat' dir='ltr'><strong>Vid.</strong></span> <span class='ocrx_word' id='word_1_183' title='bbox 234 3759 330 3836; x_wconf 86' lang='lat' dir='ltr'><strong>Epist.</strong></span> <span class='ocrx_word' id='word_1_184' title='bbox 345 3760 383 3835; x_wconf 88' lang='lat'><strong>69</strong></span> <span class='ocrx_word' id='word_1_185' title='bbox 393 3799 402 3832; x_wconf 91' lang='lat'><strong>,</strong></span> <span class='ocrx_word' id='word_1_186' title='bbox 412 3779 444 3815; x_wconf 92' lang='lat' dir='ltr'><strong>n.</strong></span> <span class='ocrx_word' id='word_1_187' title='bbox 459 3761 506 3817; x_wconf 82' lang='lat'><strong>13.</strong></span> 
     </span>
     <span class='ocr_line' id='line_1_30' title="bbox 95 3855 842 3938; baseline 0.007 -23"><span class='ocrx_word' id='word_1_188' title='bbox 95 3859 134 3938; x_wconf 74' lang='lat' dir='ltr'><strong>(a)</strong></span> <span class='ocrx_word' id='word_1_189' title='bbox 154 3865 258 3936; x_wconf 83' lang='lat' dir='ltr'><strong>Progr.</strong></span> <span class='ocrx_word' id='word_1_190' title='bbox 273 3861 310 3916; x_wconf 88' lang='lat' dir='ltr'><strong>de</strong></span> <span class='ocrx_word' id='word_1_191' title='bbox 324 3859 453 3917; x_wconf 84' lang='lat' dir='ltr'><strong>indurat.</strong></span> <span class='ocrx_word' id='word_1_192' title='bbox 467 3877 550 3933; x_wconf 91' lang='lat' dir='ltr'><strong>corp.</strong></span> <span class='ocrx_word' id='word_1_193' title='bbox 563 3855 645 3916; x_wconf 89' lang='lat' dir='ltr'><strong>hum.</strong></span> <span class='ocrx_word' id='word_1_194' title='bbox 656 3859 769 3935; x_wconf 83' lang='lat' dir='ltr'><strong>partib.</strong></span> <span class='ocrx_word' id='word_1_195' title='bbox 783 3865 799 3932; x_wconf 75' lang='lat' dir='ltr'>S</span> <span class='ocrx_word' id='word_1_196' title='bbox 813 3861 842 3920; x_wconf 78' lang='grc'><strong>5.</strong></span> 
     </span>
     <span class='ocr_line' id='line_1_31' title="bbox 96 3956 778 4040; baseline 0 -24"><span class='ocrx_word' id='word_1_197' title='bbox 96 3957 134 4040; x_wconf 70' lang='lat'><strong>(3)</strong></span> <span class='ocrx_word' id='word_1_198' title='bbox 154 3959 251 4038; x_wconf 83' lang='lat' dir='ltr'><strong>Epist.</strong></span> <span class='ocrx_word' id='word_1_199' title='bbox 265 3956 300 4032; x_wconf 81' lang='lat'><strong>5,</strong></span> <span class='ocrx_word' id='word_1_200' title='bbox 312 3977 344 4016; x_wconf 88' lang='lat' dir='ltr'><strong>n.</strong></span> <span class='ocrx_word' id='word_1_201' title='bbox 356 3959 390 4034; x_wconf 86' lang='lat'><strong>6,</strong></span> <span class='ocrx_word' id='word_1_202' title='bbox 404 3971 434 4016; x_wconf 87' lang='lat' dir='ltr'><strong>et</strong></span> <span class='ocrx_word' id='word_1_203' title='bbox 446 3958 534 4035; x_wconf 85' lang='lat' dir='ltr'><strong>epist.</strong></span> <span class='ocrx_word' id='word_1_204' title='bbox 544 3977 581 4033; x_wconf 85' lang='lat'><strong>9,</strong></span> <span class='ocrx_word' id='word_1_205' title='bbox 593 3977 623 4016; x_wconf 89' lang='lat' dir='ltr'><strong>n.</strong></span> <span class='ocrx_word' id='word_1_206' title='bbox 638 3959 673 4017; x_wconf 83' lang='lat'><strong>16</strong></span> <span class='ocrx_word' id='word_1_207' title='bbox 686 3970 716 4017; x_wconf 88' lang='lat' dir='ltr'><strong>et</strong></span> <span class='ocrx_word' id='word_1_208' title='bbox 730 3960 778 4017; x_wconf 79' lang='lat'><strong>18.</strong></span> 
     </span>
    </p>
   </div>
   <div class='ocr_carea' id='block_1_5' title="bbox 0 0 1354 4660">
    <p class='ocr_par' dir='ltr' id='par_1_6' title="bbox 0 0 1354 4660">
     <span class='ocr_line' id='line_1_32' title="bbox 0 0 1354 4660; baseline 0 0"><span class='ocrx_word' id='word_1_209' title='bbox 0 0 1354 4660; x_wconf 95' lang='lat' dir='ltr'><strong> </strong></span> 
     </span>
    </p>
   </div>
  </div>
 </body>
</html>
