<?xml version="1.0" encoding="UTF-8"?>
<!DOCTYPE html PUBLIC "-//W3C//DTD XHTML 1.0 Transitional//EN"
    "http://www.w3.org/TR/xhtml1/DTD/xhtml1-transitional.dtd">
<html xmlns="http://www.w3.org/1999/xhtml" xml:lang="en" lang="en">
 <head>
  <title>
</title>
<meta http-equiv="Content-Type" content="text/html;charset=utf-8" />
  <meta name='ocr-system' content='tesseract 3.04.00' />
  <meta name='ocr-capabilities' content='ocr_page ocr_carea ocr_par ocr_line ocrx_word'/>
</head>
<body>
  <div class='ocr_page' id='page_1' title='image "./desedibusetcaus02adelgoog_0377.png"; bbox 0 0 2732 4654; ppageno 0'>
   <div class='ocr_carea' id='block_1_1' title="bbox 270 426 1255 520">
    <p class='ocr_par' dir='ltr' id='par_1_1' title="bbox 270 426 1255 520">
     <span class='ocr_line' id='line_1_1' title="bbox 270 426 1255 520; baseline 0.006 -20"><span class='ocrx_word' id='word_1_1' title='bbox 270 426 340 500; x_wconf 77' lang='lat'><strong>382</strong></span> <span class='ocrx_word' id='word_1_2' title='bbox 424 451 471 500; x_wconf 81' lang='lat' dir='ltr'><strong>ur</strong></span> <span class='ocrx_word' id='word_1_3' title='bbox 496 439 646 499; x_wconf 76' lang='lat' dir='ltr'><strong>seorsus</strong></span> <span class='ocrx_word' id='word_1_4' title='bbox 670 451 714 500; x_wconf 80' lang='lat' dir='ltr'><strong>er</strong></span> <span class='ocrx_word' id='word_1_5' title='bbox 740 451 866 502; x_wconf 77' lang='lat' dir='ltr'><strong>cauus</strong></span> <span class='ocrx_word' id='word_1_6' title='bbox 892 453 1114 504; x_wconf 75' lang='lat' dir='ltr'><strong>nonnosou</strong></span> <span class='ocrx_word' id='word_1_7' title='bbox 1191 501 1194 512; x_wconf 90' lang='grc'>,</span> <span class='ocrx_word' id='word_1_8' title='bbox 1252 513 1255 520; x_wconf 64' lang='grc'><em>,</em></span> 
     </span>
    </p>
   </div>
   <div class='ocr_carea' id='block_1_2' title="bbox 268 563 1275 1020">
    <p class='ocr_par' dir='ltr' id='par_1_2' title="bbox 268 563 1275 1020">
     <span class='ocr_line' id='line_1_2' title="bbox 268 563 1269 664; baseline 0.004 -25"><span class='ocrx_word' id='word_1_9' title='bbox 268 565 354 639; x_wconf 86' lang='lat' dir='ltr'><strong>soni</strong></span> <span class='ocrx_word' id='word_1_10' title='bbox 368 563 415 636; x_wconf 90' lang='lat' dir='ltr'><strong>de</strong></span> <span class='ocrx_word' id='word_1_11' title='bbox 429 565 639 664; x_wconf 67' lang='lat' dir='ltr'><strong>Cleopatrae</strong></span> <span class='ocrx_word' id='word_1_12' title='bbox 653 567 810 655; x_wconf 82' lang='lat' dir='ltr'><strong>interitu</strong></span> <span class='ocrx_word' id='word_1_13' title='bbox 823 571 1080 642; x_wconf 72' lang='lat' dir='ltr'><strong>narrationem</strong></span> <span class='ocrx_word' id='word_1_14' title='bbox 1096 569 1269 658; x_wconf 65' lang='lat' dir='ltr'><strong>absoluit,</strong></span> 
     </span>
     <span class='ocr_line' id='line_1_3' title="bbox 269 682 1269 782; baseline 0.004 -27"><span class='ocrx_word' id='word_1_15' title='bbox 269 682 403 756; x_wconf 86' lang='lat' dir='ltr'><strong>iisdem</strong></span> <span class='ocrx_word' id='word_1_16' title='bbox 428 682 709 782; x_wconf 86' lang='lat' dir='ltr'><strong>propemodum</strong></span> <span class='ocrx_word' id='word_1_17' title='bbox 728 699 766 756; x_wconf 84' lang='lat' dir='ltr'><strong>et</strong></span> <span class='ocrx_word' id='word_1_18' title='bbox 780 685 874 756; x_wconf 86' lang='lat' dir='ltr'><strong>nsihi</strong></span> <span class='ocrx_word' id='word_1_19' title='bbox 887 685 999 760; x_wconf 89' lang='lat' dir='ltr'><strong>licere</strong></span> <span class='ocrx_word' id='word_1_20' title='bbox 1015 685 1168 760; x_wconf 65' lang='lat' dir='ltr'><strong>wedam</strong></span> <span class='ocrx_word' id='word_1_21' title='bbox 1178 685 1269 760; x_wconf 86' lang='lat' dir='ltr'><strong>hanc</strong></span> 
     </span>
     <span class='ocr_line' id='line_1_4' title="bbox 270 789 1269 898; baseline 0.002 -24"><span class='ocrx_word' id='word_1_22' title='bbox 270 802 340 874; x_wconf 88' lang='lat' dir='ltr'><strong>tibi</strong></span> <span class='ocrx_word' id='word_1_23' title='bbox 364 799 535 898; x_wconf 88' lang='lat' dir='ltr'><strong>ejusdem</strong></span> <span class='ocrx_word' id='word_1_24' title='bbox 556 789 768 898; x_wconf 76' lang='lat' dir='ltr'><strong>argumenti</strong></span> <span class='ocrx_word' id='word_1_25' title='bbox 791 805 1052 878; x_wconf 73' lang='lat' dir='ltr'><strong>tractationem</strong></span> <span class='ocrx_word' id='word_1_26' title='bbox 1075 803 1269 878; x_wconf 82' lang='lat' dir='ltr'><strong>conclude·</strong></span> 
     </span>
     <span class='ocr_line' id='line_1_5' title="bbox 272 919 1275 1020; baseline 0.003 -29"><span class='ocrx_word' id='word_1_27' title='bbox 272 945 336 992; x_wconf 84' lang='lat' dir='ltr'><strong>re:</strong></span> <span class='ocrx_word' id='word_1_28' title='bbox 355 919 439 990; x_wconf 80' lang='lat' dir='ltr'><strong>laaec</strong></span> <span class='ocrx_word' id='word_1_29' title='bbox 463 941 539 988; x_wconf 84' lang='lat' dir='ltr'><strong>non</strong></span> <span class='ocrx_word' id='word_1_30' title='bbox 561 923 640 989; x_wconf 80' lang='lat' dir='ltr'><strong>sine</strong></span> <span class='ocrx_word' id='word_1_31' title='bbox 663 924 784 990; x_wconf 81' lang='lat' dir='ltr'><strong>animi</strong></span> <span class='ocrx_word' id='word_1_32' title='bbox 810 921 1012 1020; x_wconf 76' lang='lat' dir='ltr'><strong>voluptate</strong></span> <span class='ocrx_word' id='word_1_33' title='bbox 1040 927 1217 1008; x_wconf 74' lang='lat' dir='ltr'><strong>tractavi,</strong></span> <span class='ocrx_word' id='word_1_34' title='bbox 1236 937 1275 994; x_wconf 88' lang='lat' dir='ltr'><strong>ut</strong></span> 
     </span>
    </p>
   </div>
   <div class='ocr_carea' id='block_1_3' title="bbox 273 1034 1276 1249">
    <p class='ocr_par' dir='ltr' id='par_1_3' title="bbox 273 1034 1276 1249">
     <span class='ocr_line' id='line_1_6' title="bbox 273 1034 1276 1134; baseline 0.002 -26"><span class='ocrx_word' id='word_1_35' title='bbox 273 1054 338 1112; x_wconf 84' lang='lat' dir='ltr'><strong>tuo</strong></span> <span class='ocrx_word' id='word_1_36' title='bbox 366 1034 650 1134; x_wconf 63' lang='lat' dir='ltr'><strong>discplinarnm</strong></span> <span class='ocrx_word' id='word_1_37' title='bbox 680 1041 846 1108; x_wconf 82' lang='lat' dir='ltr'><strong>omnium</strong></span> <span class='ocrx_word' id='word_1_38' title='bbox 874 1037 1060 1110; x_wconf 79' lang='lat' dir='ltr'><strong>desiderio</strong></span> <span class='ocrx_word' id='word_1_39' title='bbox 1094 1041 1276 1132; x_wconf 65' lang='lat' dir='ltr'><strong>satisface-</strong></span> 
     </span>
     <span class='ocr_line' id='line_1_7' title="bbox 273 1153 567 1249; baseline -0.01 -22"><span class='ocrx_word' id='word_1_40' title='bbox 273 1179 361 1242; x_wconf 81' lang='lat' dir='ltr'><strong>rem.</strong></span> <span class='ocrx_word' id='word_1_41' title='bbox 381 1153 488 1226; x_wconf 59' lang='lat' dir='ltr'><strong>Vale:</strong></span> <span class='ocrx_word' id='word_1_42' title='bbox 520 1153 567 1249; x_wconf 71' lang='lat'><strong>(⁴)</strong></span> 
     </span>
    </p>
   </div>
   <div class='ocr_carea' id='block_1_4' title="bbox 266 1485 1278 2467">
    <p class='ocr_par' dir='ltr' id='par_1_4' title="bbox 266 1485 1278 2467">
     <span class='ocr_line' id='line_1_8' title="bbox 308 1485 1278 1571; baseline 0.009 -32"><span class='ocrx_word' id='word_1_43' title='bbox 308 1487 350 1568; x_wconf 83' lang='lat'><strong>(*)</strong></span> <span class='ocrx_word' id='word_1_44' title='bbox 363 1511 376 1540; x_wconf 72' lang='lat' dir='ltr'><strong>a</strong></span> <span class='ocrx_word' id='word_1_45' title='bbox 388 1487 469 1568; x_wconf 71' lang='lat' dir='ltr'><strong>Illud</strong></span> <span class='ocrx_word' id='word_1_46' title='bbox 479 1485 684 1555; x_wconf 79' lang='lat' dir='ltr'><strong>simulacrum,</strong></span> <span class='ocrx_word' id='word_1_47' title='bbox 697 1487 735 1543; x_wconf 88' lang='lat' dir='ltr'><strong>de</strong></span> <span class='ocrx_word' id='word_1_48' title='bbox 748 1506 808 1562; x_wconf 90' lang='lat' dir='ltr'><strong>quo</strong></span> <span class='ocrx_word' id='word_1_49' title='bbox 821 1491 1003 1565; x_wconf 75' lang='lat' dir='ltr'><strong>Morgagnus</strong></span> <span class='ocrx_word' id='word_1_50' title='bbox 1015 1490 1153 1564; x_wconf 84' lang='lat' dir='ltr'><strong>loquitur</strong></span> <span class='ocrx_word' id='word_1_51' title='bbox 1161 1488 1210 1571; x_wconf 88' lang='lat' dir='ltr'><strong>(p.</strong></span> <span class='ocrx_word' id='word_1_52' title='bbox 1217 1490 1278 1570; x_wconf 69' lang='lat' dir='ltr'><strong>iil,</strong></span> 
     </span>
     <span class='ocr_line' id='line_1_9' title="bbox 269 1581 1276 1664; baseline 0.001 -19"><span class='ocrx_word' id='word_1_53' title='bbox 269 1593 338 1664; x_wconf 80' lang='lat'><strong>372,</strong></span> <span class='ocrx_word' id='word_1_54' title='bbox 353 1589 428 1659; x_wconf 78' lang='lat'><strong>380,</strong></span> <span class='ocrx_word' id='word_1_55' title='bbox 443 1581 563 1662; x_wconf 82' lang='lat' dir='ltr'><strong>etseq.)</strong></span> <span class='ocrx_word' id='word_1_56' title='bbox 578 1585 709 1643; x_wconf 83' lang='lat' dir='ltr'><strong>vidimus</strong></span> <span class='ocrx_word' id='word_1_57' title='bbox 725 1586 864 1658; x_wconf 74' lang='lat' dir='ltr'><strong>Lutetiae,</strong></span> <span class='ocrx_word' id='word_1_58' title='bbox 877 1585 949 1644; x_wconf 87' lang='lat' dir='ltr'><strong>dum</strong></span> <span class='ocrx_word' id='word_1_59' title='bbox 963 1586 1053 1662; x_wconf 81' lang='lat' dir='ltr'><strong>hujus</strong></span> <span class='ocrx_word' id='word_1_60' title='bbox 1067 1587 1099 1644; x_wconf 88' lang='lat' dir='ltr'><strong>in</strong></span> <span class='ocrx_word' id='word_1_61' title='bbox 1113 1590 1202 1652; x_wconf 80' lang='lat' dir='ltr'><strong>urhis</strong></span> <span class='ocrx_word' id='word_1_62' title='bbox 1212 1594 1276 1648; x_wconf 77' lang='lat' dir='ltr'><strong>Mu-</strong></span> 
     </span>
     <span class='ocr_line' id='line_1_10' title="bbox 268 1683 1276 1766; baseline -0.002 -18"><span class='ocrx_word' id='word_1_63' title='bbox 268 1709 319 1749; x_wconf 79' lang='lat' dir='ltr'><strong>seo</strong></span> <span class='ocrx_word' id='word_1_64' title='bbox 340 1698 509 1766; x_wconf 77' lang='lat' dir='ltr'><strong>prostarent</strong></span> <span class='ocrx_word' id='word_1_65' title='bbox 529 1686 613 1762; x_wconf 81' lang='lat' dir='ltr'><strong>signa</strong></span> <span class='ocrx_word' id='word_1_66' title='bbox 630 1683 775 1760; x_wconf 85' lang='lat' dir='ltr'><strong>antiqua,</strong></span> <span class='ocrx_word' id='word_1_67' title='bbox 794 1705 830 1742; x_wconf 86' lang='lat' dir='ltr'><strong>ex</strong></span> <span class='ocrx_word' id='word_1_68' title='bbox 845 1686 938 1745; x_wconf 82' lang='lat' dir='ltr'><strong>ltaliae</strong></span> <span class='ocrx_word' id='word_1_69' title='bbox 958 1687 1070 1745; x_wconf 81' lang='lat' dir='ltr'><strong>Museis</strong></span> <span class='ocrx_word' id='word_1_70' title='bbox 1093 1691 1196 1747; x_wconf 83' lang='lat' dir='ltr'><strong>allata.</strong></span> <span class='ocrx_word' id='word_1_71' title='bbox 1213 1693 1276 1747; x_wconf 80' lang='lat' dir='ltr'><strong>Non</strong></span> 
     </span>
     <span class='ocr_line' id='line_1_11' title="bbox 268 1783 1278 1866; baseline -0.005 -15"><span class='ocrx_word' id='word_1_72' title='bbox 268 1795 458 1866; x_wconf 80' lang='lat' dir='ltr'><strong>Cleopatram</strong></span> <span class='ocrx_word' id='word_1_73' title='bbox 471 1786 561 1842; x_wconf 78' lang='lat' dir='ltr'><strong>refert</strong></span> <span class='ocrx_word' id='word_1_74' title='bbox 576 1783 652 1841; x_wconf 94' lang='lat' dir='ltr'><strong>illud</strong></span> <span class='ocrx_word' id='word_1_75' title='bbox 668 1803 817 1855; x_wconf 88' lang='lat' dir='ltr'><strong>marmor,</strong></span> <span class='ocrx_word' id='word_1_76' title='bbox 832 1787 883 1842; x_wconf 88' lang='lat' dir='ltr'><strong>sed</strong></span> <span class='ocrx_word' id='word_1_77' title='bbox 898 1785 1103 1860; x_wconf 76' lang='lat' dir='ltr'><strong>Ariadnem,a</strong></span> <span class='ocrx_word' id='word_1_78' title='bbox 1120 1787 1238 1848; x_wconf 79' lang='lat' dir='ltr'><strong>Theseo</strong></span> <span class='ocrx_word' id='word_1_79' title='bbox 1251 1791 1278 1846; x_wconf 88' lang='lat' dir='ltr'><strong>in</strong></span> 
     </span>
     <span class='ocr_line' id='line_1_12' title="bbox 266 1885 1278 1963; baseline -0.004 -12"><span class='ocrx_word' id='word_1_80' title='bbox 266 1896 353 1952; x_wconf 84' lang='lat' dir='ltr'><strong>Naxo</strong></span> <span class='ocrx_word' id='word_1_81' title='bbox 369 1890 466 1948; x_wconf 87' lang='lat' dir='ltr'><strong>insula</strong></span> <span class='ocrx_word' id='word_1_82' title='bbox 481 1887 636 1944; x_wconf 82' lang='lat' dir='ltr'><strong>desertam.</strong></span> <span class='ocrx_word' id='word_1_83' title='bbox 650 1887 734 1959; x_wconf 88' lang='lat' dir='ltr'><strong>Opus</strong></span> <span class='ocrx_word' id='word_1_84' title='bbox 750 1885 871 1959; x_wconf 87' lang='lat' dir='ltr'><strong>quidem</strong></span> <span class='ocrx_word' id='word_1_85' title='bbox 886 1903 1013 1963; x_wconf 66' lang='lat' dir='ltr'><strong>gneum</strong></span> <span class='ocrx_word' id='word_1_86' title='bbox 1026 1899 1083 1958; x_wconf 85' lang='lat' dir='ltr'><strong>est,</strong></span> <span class='ocrx_word' id='word_1_87' title='bbox 1101 1899 1132 1945; x_wconf 89' lang='lat' dir='ltr'><strong>et</strong></span> <span class='ocrx_word' id='word_1_88' title='bbox 1147 1889 1278 1946; x_wconf 69' lang='lat' dir='ltr'><strong>dicante</strong></span> 
     </span>
     <span class='ocr_line' id='line_1_13' title="bbox 269 1966 1277 2064; baseline -0.006 -12"><span class='ocrx_word' id='word_1_89' title='bbox 269 2003 384 2052; x_wconf 79' lang='lat' dir='ltr'><strong>aetatem</strong></span> <span class='ocrx_word' id='word_1_90' title='bbox 402 1990 434 2046; x_wconf 87' lang='lat' dir='ltr'><strong>in</strong></span> <span class='ocrx_word' id='word_1_91' title='bbox 451 2005 511 2064; x_wconf 88' lang='lat' dir='ltr'><strong>qua</strong></span> <span class='ocrx_word' id='word_1_92' title='bbox 527 1985 605 2042; x_wconf 74' lang='lat' dir='ltr'><strong>vixit</strong></span> <span class='ocrx_word' id='word_1_93' title='bbox 620 1966 796 2060; x_wconf 78' lang='lat' dir='ltr'><strong>Cleopatra,</strong></span> <span class='ocrx_word' id='word_1_94' title='bbox 815 1987 966 2062; x_wconf 82' lang='lat' dir='ltr'><strong>sculptum</strong></span> <span class='ocrx_word' id='word_1_95' title='bbox 981 1987 1088 2044; x_wconf 79' lang='lat' dir='ltr'><strong>fuerat.</strong></span> <span class='ocrx_word' id='word_1_96' title='bbox 1103 1989 1198 2064; x_wconf 75' lang='lat' dir='ltr'><strong>Aspis</strong></span> <span class='ocrx_word' id='word_1_97' title='bbox 1213 1990 1277 2064; x_wconf 86' lang='lat' dir='ltr'><strong>illa,</strong></span> 
     </span>
     <span class='ocr_line' id='line_1_14' title="bbox 268 2083 1277 2168; baseline -0.006 -16"><span class='ocrx_word' id='word_1_98' title='bbox 268 2093 358 2167; x_wconf 72' lang='lat' dir='ltr'><strong>hujus</strong></span> <span class='ocrx_word' id='word_1_99' title='bbox 373 2101 476 2148; x_wconf 80' lang='lat' dir='ltr'><strong>statuae</strong></span> <span class='ocrx_word' id='word_1_100' title='bbox 495 2085 620 2144; x_wconf 81' lang='lat' dir='ltr'><strong>brachio</strong></span> <span class='ocrx_word' id='word_1_101' title='bbox 638 2083 778 2162; x_wconf 77' lang='lat' dir='ltr'><strong>alligata,</strong></span> <span class='ocrx_word' id='word_1_102' title='bbox 796 2097 839 2142; x_wconf 83' lang='lat' dir='ltr'><strong>est</strong></span> <span class='ocrx_word' id='word_1_103' title='bbox 857 2085 1013 2168; x_wconf 74' lang='lat' dir='ltr'><strong>quoddam</strong></span> <span class='ocrx_word' id='word_1_104' title='bbox 1030 2088 1157 2148; x_wconf 81' lang='lat' dir='ltr'><strong>armillas</strong></span> <span class='ocrx_word' id='word_1_105' title='bbox 1170 2105 1277 2165; x_wconf 75' lang='lat' dir='ltr'><strong>genus,</strong></span> 
     </span>
     <span class='ocr_line' id='line_1_15' title="bbox 268 2172 1275 2271; baseline -0.004 -21"><span class='ocrx_word' id='word_1_106' title='bbox 268 2213 330 2271; x_wconf 81' lang='lat' dir='ltr'><strong>quo</strong></span> <span class='ocrx_word' id='word_1_107' title='bbox 339 2201 481 2250; x_wconf 81' lang='lat' dir='ltr'><strong>matronae</strong></span> <span class='ocrx_word' id='word_1_108' title='bbox 489 2187 614 2246; x_wconf 84' lang='lat' dir='ltr'><strong>brachia</strong></span> <span class='ocrx_word' id='word_1_109' title='bbox 625 2204 770 2245; x_wconf 78' lang='lat' dir='ltr'><strong>exornare</strong></span> <span class='ocrx_word' id='word_1_110' title='bbox 782 2172 927 2246; x_wconf 81' lang='lat' dir='ltr'><strong>solebant.</strong></span> <span class='ocrx_word' id='word_1_111' title='bbox 940 2189 1009 2243; x_wconf 81' lang='lat' dir='ltr'><strong>llaec</strong></span> <span class='ocrx_word' id='word_1_112' title='bbox 1024 2187 1145 2244; x_wconf 83' lang='lat' dir='ltr'><strong>armilla</strong></span> <span class='ocrx_word' id='word_1_113' title='bbox 1152 2207 1275 2266; x_wconf 78' lang='lat' dir='ltr'><strong>anguem</strong></span> 
     </span>
     <span class='ocr_line' id='line_1_16' title="bbox 266 2266 1275 2370; baseline -0.008 -16"><span class='ocrx_word' id='word_1_114' title='bbox 266 2301 458 2370; x_wconf 72' lang='lat' dir='ltr'><strong>representat</strong></span> <span class='ocrx_word' id='word_1_115' title='bbox 467 2289 592 2346; x_wconf 86' lang='lat' dir='ltr'><strong>brachio</strong></span> <span class='ocrx_word' id='word_1_116' title='bbox 603 2287 762 2364; x_wconf 84' lang='lat' dir='ltr'><strong>illigatum,</strong></span> <span class='ocrx_word' id='word_1_117' title='bbox 774 2304 808 2344; x_wconf 87' lang='lat' dir='ltr'><strong>ac</strong></span> <span class='ocrx_word' id='word_1_118' title='bbox 820 2305 936 2344; x_wconf 84' lang='lat' dir='ltr'><strong>summo</strong></span> <span class='ocrx_word' id='word_1_119' title='bbox 946 2266 1076 2362; x_wconf 85' lang='lat' dir='ltr'><strong>artificio</strong></span> <span class='ocrx_word' id='word_1_120' title='bbox 1087 2287 1136 2346; x_wconf 82' lang='lat' dir='ltr'><strong>bis</strong></span> <span class='ocrx_word' id='word_1_121' title='bbox 1149 2289 1275 2347; x_wconf 86' lang='lat' dir='ltr'><strong>eircum-</strong></span> 
     </span>
     <span class='ocr_line' id='line_1_17' title="bbox 266 2386 1273 2467; baseline -0.007 -15"><span class='ocrx_word' id='word_1_122' title='bbox 266 2396 411 2452; x_wconf 75' lang='lat' dir='ltr'><strong>volutam.</strong></span> <span class='ocrx_word' id='word_1_123' title='bbox 420 2393 517 2467; x_wconf 88' lang='lat' dir='ltr'><strong>Caput</strong></span> <span class='ocrx_word' id='word_1_124' title='bbox 526 2387 630 2466; x_wconf 82' lang='lat' dir='ltr'><strong>anguis</strong></span> <span class='ocrx_word' id='word_1_125' title='bbox 640 2405 757 2442; x_wconf 86' lang='lat' dir='ltr'><strong>sursum</strong></span> <span class='ocrx_word' id='word_1_126' title='bbox 769 2386 807 2442; x_wconf 87' lang='lat' dir='ltr'><strong>de</strong></span> <span class='ocrx_word' id='word_1_127' title='bbox 819 2387 966 2444; x_wconf 82' lang='lat' dir='ltr'><strong>industria</strong></span> <span class='ocrx_word' id='word_1_128' title='bbox 977 2387 1089 2464; x_wconf 80' lang='lat' dir='ltr'><strong>vergit3</strong></span> <span class='ocrx_word' id='word_1_129' title='bbox 1101 2389 1199 2445; x_wconf 87' lang='lat' dir='ltr'><strong>cauda</strong></span> <span class='ocrx_word' id='word_1_130' title='bbox 1209 2408 1273 2446; x_wconf 86' lang='lat' dir='ltr'><strong>vero</strong></span> 
     </span>
    </p>
   </div>
   <div class='ocr_carea' id='block_1_5' title="bbox 267 2486 1365 2564">
    <p class='ocr_par' dir='ltr' id='par_1_5' title="bbox 267 2486 1365 2564">
     <span class='ocr_line' id='line_1_18' title="bbox 267 2486 1365 2564; baseline -0.006 -13"><span class='ocrx_word' id='word_1_131' title='bbox 267 2504 401 2552; x_wconf 79' lang='lat' dir='ltr'><strong>seorsum</strong></span> <span class='ocrx_word' id='word_1_132' title='bbox 417 2487 580 2554; x_wconf 84' lang='lat' dir='ltr'><strong>descendit.</strong></span> <span class='ocrx_word' id='word_1_133' title='bbox 590 2486 728 2542; x_wconf 84' lang='lat' dir='ltr'><strong>Materies</strong></span> <span class='ocrx_word' id='word_1_134' title='bbox 741 2505 830 2544; x_wconf 87' lang='lat' dir='ltr'><strong>aurea</strong></span> <span class='ocrx_word' id='word_1_135' title='bbox 843 2486 919 2557; x_wconf 57' lang='lat' dir='ltr'><strong>suin</strong></span> <span class='ocrx_word' id='word_1_136' title='bbox 937 2505 991 2544; x_wconf 89' lang='lat' dir='ltr'><strong>nec</strong></span> <span class='ocrx_word' id='word_1_137' title='bbox 998 2487 1204 2545; x_wconf 75' lang='lat' dir='ltr'><strong>constrictione</strong></span> <span class='ocrx_word' id='word_1_138' title='bbox 1215 2489 1275 2544; x_wconf 70' lang='lat' dir='ltr'><strong>irn-</strong></span> <span class='ocrx_word' id='word_1_139' title='bbox 1364 2509 1365 2564; x_wconf 48' lang='lat'>3</span> 
     </span>
    </p>
   </div>
   <div class='ocr_carea' id='block_1_6' title="bbox 267 2577 1365 2665">
    <p class='ocr_par' dir='ltr' id='par_1_6' title="bbox 267 2577 1365 2665">
     <span class='ocr_line' id='line_1_19' title="bbox 267 2577 1365 2665; baseline -0.006 -14"><span class='ocrx_word' id='word_1_140' title='bbox 267 2595 336 2662; x_wconf 83' lang='lat' dir='ltr'><strong>tari,</strong></span> <span class='ocrx_word' id='word_1_141' title='bbox 359 2600 393 2648; x_wconf 88' lang='lat' dir='ltr'><strong>ut</strong></span> <span class='ocrx_word' id='word_1_142' title='bbox 409 2591 451 2648; x_wconf 88' lang='lat' dir='ltr'><strong>ait</strong></span> <span class='ocrx_word' id='word_1_143' title='bbox 468 2591 674 2665; x_wconf 81' lang='lat' dir='ltr'><strong>Morgagnus,</strong></span> <span class='ocrx_word' id='word_1_144' title='bbox 693 2587 784 2642; x_wconf 85' lang='lat' dir='ltr'><strong>etad</strong></span> <span class='ocrx_word' id='word_1_145' title='bbox 803 2587 994 2643; x_wconf 80' lang='lat' dir='ltr'><strong>mordendum</strong></span> <span class='ocrx_word' id='word_1_146' title='bbox 1013 2587 1132 2642; x_wconf 78' lang='lat' dir='ltr'><strong>incitari</strong></span> <span class='ocrx_word' id='word_1_147' title='bbox 1151 2591 1273 2656; x_wconf 59' lang='lat' dir='ltr'><strong>vivetur:</strong></span> <span class='ocrx_word' id='word_1_148' title='bbox 1364 2577 1365 2582; x_wconf 8' lang='grc' dir='ltr'>ἵ</span> 
     </span>
    </p>
   </div>
   <div class='ocr_carea' id='block_1_7' title="bbox 159 2667 1274 2764">
    <p class='ocr_par' dir='ltr' id='par_1_7' title="bbox 159 2667 1274 2764">
     <span class='ocr_line' id='line_1_20' title="bbox 159 2667 1274 2764; baseline -0.008 -13"><span class='ocrx_word' id='word_1_149' title='bbox 159 2746 162 2751; x_wconf 93' lang='grc'><em>,</em></span> <span class='ocrx_word' id='word_1_150' title='bbox 256 2667 372 2752; x_wconf 59' lang='lat' dir='ltr'><strong>‘eontra</strong></span> <span class='ocrx_word' id='word_1_151' title='bbox 387 2709 461 2748; x_wconf 76' lang='lat' dir='ltr'><strong>vero</strong></span> <span class='ocrx_word' id='word_1_152' title='bbox 478 2690 559 2746; x_wconf 83' lang='lat' dir='ltr'><strong>illam</strong></span> <span class='ocrx_word' id='word_1_153' title='bbox 579 2685 696 2761; x_wconf 84' lang='lat' dir='ltr'><strong>placide</strong></span> <span class='ocrx_word' id='word_1_154' title='bbox 718 2697 747 2743; x_wconf 87' lang='lat' dir='ltr'><strong>et</strong></span> <span class='ocrx_word' id='word_1_155' title='bbox 767 2687 918 2764; x_wconf 77' lang='lat' dir='ltr'><strong>eleganter</strong></span> <span class='ocrx_word' id='word_1_156' title='bbox 937 2688 1090 2744; x_wconf 85' lang='lat' dir='ltr'><strong>colludere</strong></span> <span class='ocrx_word' id='word_1_157' title='bbox 1109 2687 1205 2746; x_wconf 79' lang='lat' dir='ltr'><strong>dieas.</strong></span> <span class='ocrx_word' id='word_1_158' title='bbox 1222 2691 1274 2746; x_wconf 81' lang='lat' dir='ltr'><strong>Ista</strong></span> 
     </span>
    </p>
   </div>
   <div class='ocr_carea' id='block_1_8' title="bbox 230 2785 1275 3868">
    <p class='ocr_par' dir='ltr' id='par_1_8' title="bbox 266 2785 1275 3067">
     <span class='ocr_line' id='line_1_21' title="bbox 266 2785 1275 2872; baseline -0.003 -23"><span class='ocrx_word' id='word_1_159' title='bbox 266 2811 339 2872; x_wconf 71' lang='lat' dir='ltr'><strong>ergo</strong></span> <span class='ocrx_word' id='word_1_160' title='bbox 352 2788 514 2867; x_wconf 78' lang='lat' dir='ltr'><strong>Morgagni</strong></span> <span class='ocrx_word' id='word_1_161' title='bbox 528 2785 625 2844; x_wconf 79' lang='lat' dir='ltr'><strong>nostri</strong></span> <span class='ocrx_word' id='word_1_162' title='bbox 642 2785 679 2842; x_wconf 88' lang='lat' dir='ltr'><strong>de</strong></span> <span class='ocrx_word' id='word_1_163' title='bbox 696 2785 856 2845; x_wconf 84' lang='lat' dir='ltr'><strong>simulacro</strong></span> <span class='ocrx_word' id='word_1_164' title='bbox 872 2787 925 2844; x_wconf 89' lang='lat' dir='ltr'><strong>illo</strong></span> <span class='ocrx_word' id='word_1_165' title='bbox 942 2805 977 2846; x_wconf 87' lang='lat' dir='ltr'><strong>ac</strong></span> <span class='ocrx_word' id='word_1_166' title='bbox 992 2787 1031 2846; x_wconf 86' lang='lat' dir='ltr'><strong>de</strong></span> <span class='ocrx_word' id='word_1_167' title='bbox 1047 2788 1217 2862; x_wconf 80' lang='lat' dir='ltr'><strong>Cleopatrae</strong></span> <span class='ocrx_word' id='word_1_168' title='bbox 1231 2807 1275 2846; x_wconf 82' lang='lat' dir='ltr'><strong>aa·</strong></span> 
     </span>
     <span class='ocr_line' id='line_1_22' title="bbox 266 2885 1273 2970; baseline -0.006 -20"><span class='ocrx_word' id='word_1_169' title='bbox 266 2893 338 2970; x_wconf 82' lang='lat' dir='ltr'><strong>pide</strong></span> <span class='ocrx_word' id='word_1_170' title='bbox 354 2888 522 2958; x_wconf 73' lang='lat' dir='ltr'><strong>dissertatio</strong></span> <span class='ocrx_word' id='word_1_171' title='bbox 539 2886 618 2944; x_wconf 87' lang='lat' dir='ltr'><strong>cadit</strong></span> <span class='ocrx_word' id='word_1_172' title='bbox 634 2885 762 2943; x_wconf 83' lang='lat' dir='ltr'><strong>imbellia</strong></span> <span class='ocrx_word' id='word_1_173' title='bbox 780 2897 816 2942; x_wconf 88' lang='lat' dir='ltr'><strong>et.</strong></span> <span class='ocrx_word' id='word_1_174' title='bbox 830 2904 1036 2962; x_wconf 69' lang='lat' dir='ltr'><strong>supervacua3</strong></span> <span class='ocrx_word' id='word_1_175' title='bbox 1056 2907 1111 2945; x_wconf 89' lang='lat' dir='ltr'><strong>nec</strong></span> <span class='ocrx_word' id='word_1_176' title='bbox 1129 2887 1203 2946; x_wconf 87' lang='lat' dir='ltr'><strong>inde</strong></span> <span class='ocrx_word' id='word_1_177' title='bbox 1218 2890 1273 2946; x_wconf 85' lang='lat' dir='ltr'><strong>ulla</strong></span> 
     </span>
     <span class='ocr_line' id='line_1_23' title="bbox 266 2986 1040 3067; baseline -0.016 -17"><span class='ocrx_word' id='word_1_178' title='bbox 266 2993 304 3067; x_wconf 83' lang='lat' dir='ltr'><strong>de</strong></span> <span class='ocrx_word' id='word_1_179' title='bbox 320 2991 431 3066; x_wconf 80' lang='lat' dir='ltr'><strong>aspidis</strong></span> <span class='ocrx_word' id='word_1_180' title='bbox 446 3006 562 3046; x_wconf 83' lang='lat' dir='ltr'><strong>veneno</strong></span> <span class='ocrx_word' id='word_1_181' title='bbox 577 2997 659 3043; x_wconf 88' lang='lat' dir='ltr'><strong>certa</strong></span> <span class='ocrx_word' id='word_1_182' title='bbox 670 2986 774 3062; x_wconf 90' lang='lat' dir='ltr'><strong>opinio</strong></span> <span class='ocrx_word' id='word_1_183' title='bbox 786 2987 888 3064; x_wconf 81' lang='lat' dir='ltr'><strong>colligi</strong></span> <span class='ocrx_word' id='word_1_184' title='bbox 902 2997 1010 3062; x_wconf 81' lang='lat' dir='ltr'><strong>potest.</strong></span> <span class='ocrx_word' id='word_1_185' title='bbox 1027 3011 1040 3038; x_wconf 68' lang='lat' dir='ltr'><strong>a</strong></span> 
     </span>
    </p>

    <p class='ocr_par' dir='ltr' id='par_1_9' title="bbox 265 3073 1273 3348">
     <span class='ocr_line' id='line_1_24' title="bbox 306 3073 1273 3162; baseline -0.007 -15"><span class='ocrx_word' id='word_1_186' title='bbox 306 3090 384 3148; x_wconf 87' lang='lat' dir='ltr'><strong>Huic</strong></span> <span class='ocrx_word' id='word_1_187' title='bbox 394 3085 582 3146; x_wconf 88' lang='lat' dir='ltr'><strong>adnotationi</strong></span> <span class='ocrx_word' id='word_1_188' title='bbox 595 3105 684 3161; x_wconf 88' lang='lat' dir='ltr'><strong>quarn</strong></span> <span class='ocrx_word' id='word_1_189' title='bbox 694 3087 786 3143; x_wconf 87' lang='lat' dir='ltr'><strong>amice</strong></span> <span class='ocrx_word' id='word_1_190' title='bbox 801 3073 884 3143; x_wconf 88' lang='lat' dir='ltr'><strong>dedit</strong></span> <span class='ocrx_word' id='word_1_191' title='bbox 896 3084 1086 3143; x_wconf 80' lang='lat' dir='ltr'><strong>doctissimus</strong></span> <span class='ocrx_word' id='word_1_192' title='bbox 1100 3089 1234 3162; x_wconf 73' lang='lat' dir='ltr'><strong>Auaray,</strong></span> <span class='ocrx_word' id='word_1_193' title='bbox 1245 3086 1273 3140; x_wconf 88' lang='lat' dir='ltr'><strong>in</strong></span> 
     </span>
     <span class='ocr_line' id='line_1_25' title="bbox 268 3170 1271 3266; baseline -0.006 -19"><span class='ocrx_word' id='word_1_194' title='bbox 268 3171 393 3266; x_wconf 82' lang='lat' dir='ltr'><strong>collegio</strong></span> <span class='ocrx_word' id='word_1_195' title='bbox 409 3186 531 3245; x_wconf 87' lang='lat' dir='ltr'><strong>Henrici</strong></span> <span class='ocrx_word' id='word_1_196' title='bbox 550 3187 592 3242; x_wconf 83' lang='lat' dir='ltr'><strong>IV</strong></span> <span class='ocrx_word' id='word_1_197' title='bbox 606 3170 764 3260; x_wconf 81' lang='lat' dir='ltr'><strong>provisor,</strong></span> <span class='ocrx_word' id='word_1_198' title='bbox 789 3186 925 3260; x_wconf 85' lang='lat' dir='ltr'><strong>quaedam</strong></span> <span class='ocrx_word' id='word_1_199' title='bbox 949 3185 1059 3243; x_wconf 81' lang='lat' dir='ltr'><strong>addere</strong></span> <span class='ocrx_word' id='word_1_200' title='bbox 1083 3203 1147 3241; x_wconf 90' lang='lat' dir='ltr'><strong>non</strong></span> <span class='ocrx_word' id='word_1_201' title='bbox 1171 3202 1271 3261; x_wconf 77' lang='lat' dir='ltr'><strong>auper-</strong></span> 
     </span>
     <span class='ocr_line' id='line_1_26' title="bbox 265 3277 735 3348; baseline -0.017 0"><span class='ocrx_word' id='word_1_202' title='bbox 265 3290 362 3348; x_wconf 87' lang='lat' dir='ltr'><strong>fluum</strong></span> <span class='ocrx_word' id='word_1_203' title='bbox 379 3287 447 3344; x_wconf 84' lang='lat' dir='ltr'><strong>erit.</strong></span> <span class='ocrx_word' id='word_1_204' title='bbox 731 3277 735 3286; x_wconf 69' lang='grc'><strong>’</strong></span> 
     </span>
    </p>

    <p class='ocr_par' dir='ltr' id='par_1_10' title="bbox 230 3383 1274 3868">
     <span class='ocr_line' id='line_1_27' title="bbox 307 3383 1270 3463; baseline -0.01 -17"><span class='ocrx_word' id='word_1_205' title='bbox 307 3391 377 3446; x_wconf 76' lang='lat' dir='ltr'><strong>llaec</strong></span> <span class='ocrx_word' id='word_1_206' title='bbox 393 3387 472 3463; x_wconf 77' lang='lat' dir='ltr'><strong>aspie</strong></span> <span class='ocrx_word' id='word_1_207' title='bbox 483 3385 638 3456; x_wconf 86' lang='lat' dir='ltr'><strong>Veterum,</strong></span> <span class='ocrx_word' id='word_1_208' title='bbox 652 3384 702 3441; x_wconf 85' lang='lat' dir='ltr'><strong>cni</strong></span> <span class='ocrx_word' id='word_1_209' title='bbox 713 3395 811 3442; x_wconf 84' lang='lat' dir='ltr'><strong>terror</strong></span> <span class='ocrx_word' id='word_1_210' title='bbox 822 3394 852 3441; x_wconf 88' lang='lat' dir='ltr'><strong>et</strong></span> <span class='ocrx_word' id='word_1_211' title='bbox 866 3385 948 3462; x_wconf 79' lang='lat' dir='ltr'><strong>vulgi</strong></span> <span class='ocrx_word' id='word_1_212' title='bbox 962 3383 1158 3460; x_wconf 71' lang='lat' dir='ltr'><strong>praejudicata</strong></span> <span class='ocrx_word' id='word_1_213' title='bbox 1173 3383 1270 3459; x_wconf 86' lang='lat' dir='ltr'><strong>opinio</strong></span> 
     </span>
     <span class='ocr_line' id='line_1_28' title="bbox 230 3483 1270 3562; baseline -0.012 -14"><span class='ocrx_word' id='word_1_214' title='bbox 230 3491 232 3496; x_wconf 81' lang='lat'>&#39;</span> <span class='ocrx_word' id='word_1_215' title='bbox 267 3504 328 3556; x_wconf 85' lang='lat' dir='ltr'><strong>taur</strong></span> <span class='ocrx_word' id='word_1_216' title='bbox 339 3489 443 3547; x_wconf 79' lang='lat' dir='ltr'><strong>noxius</strong></span> <span class='ocrx_word' id='word_1_217' title='bbox 460 3486 653 3562; x_wconf 74' lang='lat' dir='ltr'><strong>praebuerunt</strong></span> <span class='ocrx_word' id='word_1_218' title='bbox 661 3483 834 3558; x_wconf 82' lang='lat' dir='ltr'><strong>qualitates,</strong></span> <span class='ocrx_word' id='word_1_219' title='bbox 853 3504 933 3542; x_wconf 73' lang='lat' dir='ltr'><strong>nime</strong></span> <span class='ocrx_word' id='word_1_220' title='bbox 952 3485 1062 3542; x_wconf 83' lang='lat' dir='ltr'><strong>rectius</strong></span> <span class='ocrx_word' id='word_1_221' title='bbox 1079 3484 1217 3560; x_wconf 81' lang='lat' dir='ltr'><strong>cognita,</strong></span> <span class='ocrx_word' id='word_1_222' title='bbox 1232 3491 1270 3538; x_wconf 85' lang='lat' dir='ltr'><strong>est</strong></span> 
     </span>
     <span class='ocr_line' id='line_1_29' title="bbox 266 3580 1269 3667; baseline -0.012 -19"><span class='ocrx_word' id='word_1_223' title='bbox 266 3592 376 3667; x_wconf 80' lang='lat' dir='ltr'><strong>viperae</strong></span> <span class='ocrx_word' id='word_1_224' title='bbox 392 3587 504 3664; x_wconf 82' lang='lat' dir='ltr'><strong>species</strong></span> <span class='ocrx_word' id='word_1_225' title='bbox 514 3604 604 3661; x_wconf 82' lang='lat' dir='ltr'><strong>quarn</strong></span> <span class='ocrx_word' id='word_1_226' title='bbox 620 3585 651 3640; x_wconf 91' lang='lat' dir='ltr'><strong>in</strong></span> <span class='ocrx_word' id='word_1_227' title='bbox 665 3585 817 3640; x_wconf 80' lang='lat' dir='ltr'><strong>volumine</strong></span> <span class='ocrx_word' id='word_1_228' title='bbox 834 3585 973 3642; x_wconf 72' lang='lat' dir='ltr'><strong>Historia</strong></span> <span class='ocrx_word' id='word_1_229' title='bbox 984 3584 1137 3641; x_wconf 83' lang='lat' dir='ltr'><strong>Naturalis</strong></span> <span class='ocrx_word' id='word_1_230' title='bbox 1155 3580 1269 3660; x_wconf 78' lang='lat' dir='ltr'><strong>AEgypti</strong></span> 
     </span>
     <span class='ocr_line' id='line_1_30' title="bbox 267 3684 1274 3764; baseline -0.013 -16"><span class='ocrx_word' id='word_1_231' title='bbox 267 3691 368 3750; x_wconf 86' lang='lat' dir='ltr'><strong>tabula</strong></span> <span class='ocrx_word' id='word_1_232' title='bbox 384 3687 509 3764; x_wconf 87' lang='lat' dir='ltr'><strong>septima</strong></span> <span class='ocrx_word' id='word_1_233' title='bbox 526 3684 675 3742; x_wconf 83' lang='lat' dir='ltr'><strong>delineare</strong></span> <span class='ocrx_word' id='word_1_234' title='bbox 694 3684 1231 3759; x_wconf 73' lang='lat' dir='ltr'><strong>curarit,D.Geotfmyst.-Hilai1e,</strong></span> <span class='ocrx_word' id='word_1_235' title='bbox 1246 3690 1274 3737; x_wconf 86' lang='lat' dir='ltr'><strong>et</strong></span> 
     </span>
     <span class='ocr_line' id='line_1_31' title="bbox 267 3782 1271 3868; baseline -0.013 -20"><span class='ocrx_word' id='word_1_236' title='bbox 267 3809 372 3868; x_wconf 89' lang='lat' dir='ltr'><strong>quam,</strong></span> <span class='ocrx_word' id='word_1_237' title='bbox 388 3798 458 3865; x_wconf 87' lang='lat' dir='ltr'><strong>post</strong></span> <span class='ocrx_word' id='word_1_238' title='bbox 469 3785 608 3854; x_wconf 84' lang='lat' dir='ltr'><strong>Forskal‚</strong></span> <span class='ocrx_word' id='word_1_239' title='bbox 624 3783 791 3861; x_wconf 80' lang='lat' dir='ltr'><strong>designavit</strong></span> <span class='ocrx_word' id='word_1_240' title='bbox 804 3785 859 3842; x_wconf 89' lang='lat' dir='ltr'><strong>sub</strong></span> <span class='ocrx_word' id='word_1_241' title='bbox 866 3783 1011 3860; x_wconf 86' lang='lat' dir='ltr'><strong>peculiari</strong></span> <span class='ocrx_word' id='word_1_242' title='bbox 1027 3782 1164 3856; x_wconf 88' lang='lat' dir='ltr'><strong>nomine,</strong></span> <span class='ocrx_word' id='word_1_243' title='bbox 1182 3783 1271 3858; x_wconf 68' lang='lat' dir='ltr'><strong>opera</strong></span> 
     </span>
    </p>
   </div>
   <div class='ocr_carea' id='block_1_9' title="bbox 268 3890 349 3960">
    <p class='ocr_par' dir='ltr' id='par_1_11' title="bbox 268 3890 349 3960">
     <span class='ocr_line' id='line_1_32' title="bbox 268 3890 349 3960; baseline 0 -14"><span class='ocrx_word' id='word_1_244' title='bbox 268 3890 349 3960; x_wconf 77' lang='lat' dir='ltr'><strong>haja.</strong></span> 
     </span>
    </p>
   </div>
   <div class='ocr_carea' id='block_1_10' title="bbox 308 3981 1364 4066">
    <p class='ocr_par' dir='ltr' id='par_1_12' title="bbox 308 3981 1364 4066">
     <span class='ocr_line' id='line_1_33' title="bbox 308 3981 1364 4066; baseline -0.012 -19"><span class='ocrx_word' id='word_1_245' title='bbox 308 3987 451 4062; x_wconf 78' lang='lat' dir='ltr'><strong>Quamvis</strong></span> <span class='ocrx_word' id='word_1_246' title='bbox 468 3981 530 4044; x_wconf 86' lang='lat' dir='ltr'><strong>haec</strong></span> <span class='ocrx_word' id='word_1_247' title='bbox 548 3985 651 4062; x_wconf 84' lang='lat' dir='ltr'><strong>vipera</strong></span> <span class='ocrx_word' id='word_1_248' title='bbox 677 3985 715 4042; x_wconf 86' lang='lat' dir='ltr'><strong>sit</strong></span> <span class='ocrx_word' id='word_1_249' title='bbox 740 3985 771 4042; x_wconf 89' lang='lat' dir='ltr'><strong>in</strong></span> <span class='ocrx_word' id='word_1_250' title='bbox 793 3986 926 4061; x_wconf 76' lang='lat' dir='ltr'><strong>AEgypto</strong></span> <span class='ocrx_word' id='word_1_251' title='bbox 950 4000 1064 4042; x_wconf 84' lang='lat' dir='ltr'><strong>summe</strong></span> <span class='ocrx_word' id='word_1_252' title='bbox 1082 3983 1269 4048; x_wconf 75' lang='lat' dir='ltr'><strong>venenifera,</strong></span> <span class='ocrx_word' id='word_1_253' title='bbox 1363 3993 1364 4066; x_wconf 36' lang='lat' dir='ltr'><strong>j</strong></span> 
     </span>
    </p>
   </div>
   <div class='ocr_carea' id='block_1_11' title="bbox 0 0 1370 4654">
    <p class='ocr_par' dir='ltr' id='par_1_13' title="bbox 0 0 1370 4654">
     <span class='ocr_line' id='line_1_34' title="bbox 0 0 1370 4654; baseline 0 1"><span class='ocrx_word' id='word_1_254' title='bbox 0 0 1370 4654; x_wconf 95' lang='lat' dir='ltr'><strong> </strong></span> 
     </span>
    </p>
   </div>
  </div>
 </body>
</html>
