2746 4662
318 441 386 514 108
479 465 525 514 nn
547 455 696 512 seorsus
721 461 765 508 rr
790 459 914 508 causrs
939 420 1174 508 nonnosum¹

311 579 448 652 mulier
466 599 576 647 curva
591 572 765 672 quidem,
790 587 832 644 ut
854 571 1085 659 dictumest,
1115 571 1180 645 sed
1207 571 1327 672 gibba

312 716 391 768 non
410 709 511 782 erat;
528 705 571 763 ut
589 713 724 762 venam
743 692 823 763 sine
838 690 921 788 pari
938 715 1137 788 nunquam
1157 691 1324 763 viderim
1367 749 1368 768 ,

313 813 463 911 longius
492 808 750 882 sinistrorsum
769 805 961 896 inflexam,
983 823 1025 880 ut
1046 831 1086 880 se
1114 809 1325 880 immittere

313 943 439 1028 posset
452 929 492 998 in
511 950 648 999 cavam.
668 931 713 997 In
729 942 860 998 ventre
880 927 1042 998 exterior
1051 951 1188 999 renum
1207 924 1324 998 facies

311 1067 391 1117 non
412 1043 784 1144 prorsussecundum
802 1058 994 1130 naturam,
1014 1044 1106 1141 quin
1124 1043 1225 1116 alter
1239 1068 1325 1142 par·
1367 1123 1368 1128 ἵ

311 1161 417 1234 vulas
442 1161 623 1260 quasdam
660 1161 817 1258 insuper
846 1159 1068 1232 ostendebat
1102 1159 1325 1256 hydatides,

313 1304 359 1352 ex
380 1305 418 1352 se
442 1278 620 1351 nonnihil
642 1294 838 1351 exstantes.
878 1277 1062 1350 Genitalis
1090 1279 1323 1376 inspiciens,
1367 1339 1368 1348 ,

313 1397 521 1496 nympham
539 1397 727 1470 sinistram
744 1413 869 1493 neque
883 1420 982 1485 esse,
1003 1421 1127 1493 neque
1147 1419 1322 1494 unquam

313 1513 679 1586 fuisseanimadverti
692 1539 702 1602 ;
714 1512 867 1585 dextera
878 1527 1000 1583 autem
1020 1527 1098 1583 erat
1111 1537 1241 1610 parva.
1255 1515 1323 1608 Hy·
1367 1523 1368 1608 j

310 1631 690 1730 pogastricasarteria
704 1630 877 1719 latiores,
899 1654 1012 1726 quam
1030 1630 1169 1718 solent,
1194 1645 1235 1702 et
1256 1628 1323 1700 du·
1367 1723 1368 1736 ,

313 1775 392 1838 ras,
419 1751 497 1820 imo
521 1749 674 1820 alteram
692 1773 821 1820 earum
843 1772 923 1818 non
949 1749 1028 1835 sine
1045 1771 1128 1820 osse
1147 1773 1224 1846 qua
1245 1771 1323 1819 um·
1367 1743 1368 1746 '

311 1868 498 1940 hilicalem
515 1866 714 1938 emittebat.
731 1866 1113 1938 Proximasundeillae
1126 1867 1320 1953 oriuntur,
1367 1911 1368 1946 ,

315 2007 401 2057 cum
431 1986 543 2057 simul
570 1986 821 2082 inspectarem
848 1983 993 2072 iliacas,
1026 2007 1097 2056 neo
1126 1983 1321 2056 dexteram

314 2104 389 2175 sive
409 2101 624 2191 latitudine,
655 2103 730 2173 sive
753 2103 968 2173 tunicarum
996 2100 1246 2175 crassitudine
1269 2102 1320 2172 ri·

313 2218 440 2289 derem
463 2218 671 2317 quidquam
686 2219 877 2290 anaturali
891 2220 1158 2291 constitutione
1179 2219 1320 2291 discre-
1367 2259 1368 2264 =

311 2359 424 2433 pare;
446 2337 632 2407 sinistram
652 2337 808 2408 miratus
828 2361 909 2408 sum
928 2361 1012 2408 cum
1029 2337 1155 2408 minus
1180 2336 1318 2422 latam,

310 2441 392 2524 tu'm
411 2454 615 2550 praesertim
632 2453 811 2525 tenuibus
826 2453 918 2525 adeo
929 2451 1207 2551 parietibus,ut
1220 2478 1319 2526 vena

311 2570 590 2670 propemodum
622 2592 700 2651 esse
732 2565 924 2643 videretur
955 2571 1002 2642 ab
1033 2595 1078 2642 eo
1104 2571 1189 2644 loco
1215 2571 1318 2644 unde

310 2687 610 2787 hypogastricam
640 2689 769 2776 dabat,
795 2689 842 2760 ad
865 2688 973 2760 illum
995 2713 1117 2788 usque
1133 2688 1201 2761 ubi
1230 2713 1318 2788 pro·

311 2804 415 2878 dibat
428 2832 447 2877 e
460 2821 601 2878 ventre.
622 2810 712 2898 Quae
731 2825 793 2878 res¹
807 2805 853 2878 ad
875 2807 1099 2878 memoriam
1125 2805 1319 2904 redigebat

258 2965 260 2969 v
310 2924 448 3020 quaein
471 2923 617 2998 duabus
639 2925 720 2996 aliis
739 2924 881 2996 claudis
895 2923 1118 2997 mulieribus
1135 2923 1317 3021 (deuns-

309 3063 507 3136 pexeram:
532 3065 748 3139 quanquam
779 3044 818 3112 in
846 3041 919 3132 illis
947 3067 1026 3113 non
1053 3043 1216 3129 arteriae,
1255 3039 1336 3115 sed'

245 3145 248 3150 ’
310 3151 412 3226 venae
429 3160 662 3256 angustiores
676 3174 801 3248 erant,
821 3160 942 3232 necin
962 3157 1105 3231 femore
1128 3184 1207 3256 quo
1220 3161 1317 3231 clau»

311 3273 718 3374 dicaverant,angustae
747 3299 826 3350 esse
854 3276 1090 3350 desinebant.
1113 3279 1232 3374 Hujus
1254 3303 1315 3351 au·

310 3407 386 3464 tem
407 3396 541 3466 arteria
557 3419 642 3468 oum
657 3420 676 3466 e
690 3411 821 3468 ventre
841 3397 998 3485 exierat,
1024 3397 1161 3492 justam
1189 3396 1315 3468 latitu·

310 3507 455 3598 dinem,
473 3525 509 3582 et
531 3515 715 3609 parietum
736 3513 1038 3602 erassitudinem,
1056 3527 1098 3584 nt
1118 3537 1206 3584 eum
1229 3514 1316 3586 dex·

255 3637 259 3664 '
309 3642 388 3697 tera
408 3628 663 3726 comparando
689 3620 882 3728 perspexi,
910 3629 1084 3729 protinus
1112 3653 1314 3729 recupera

350 4002 394 4080 (1)
415 4001 527 4082 Supra,
545 4023 576 4062 ιι.
594 4023 630 4063 ιο
643 4014 673 4062 et
688 4023 734 4063 ιι.
805 4041 815 4051 „
