2836 4648
300 429 373 508 606
465 459 512 504 ue
539 454 685 507 somnus
709 455 754 502 rr
779 454 904 505 osus1s
930 453 1147 506 moruorum

301 595 455 644 narrare
479 572 519 640 in
539 569 645 651 huno
672 569 830 642 modum
857 570 1033 666 perrexit.
1069 573 1170 646 Ante
1196 538 1320 646 annos

307 690 456 762 circiter
488 687 735 798 quadraginta
766 687 902 803 pucilla
931 703 1012 758 erat
1040 686 1146 759 domi
1170 691 1319 788 patricii

306 809 455 894 veueti,
470 808 537 904 qui
555 807 758 910 lemniaco
767 819 942 903 praeerat,
967 829 1161 878 conservo
1179 823 1319 906 nupta,

307 924 471 998 sedeam
491 947 604 1022 qnam
626 922 876 1016 indicavimus
889 977 899 1011 ,
914 938 1061 1020 partem
1076 948 1159 995 non
1177 949 1226 995 eo
1245 951 1319 1022 quo

309 1041 493 1130 debebat,
512 1041 614 1129 loeo,
630 1065 762 1114 verum
782 1023 896 1138 supra
910 1039 1136 1114 umbilicum
1153 1041 1319 1130 habens,

307 1183 467 1257 eamque
488 1175 695 1260 angustam.
728 1157 890 1242 Gravida
916 1173 1041 1231 tamen
1077 1155 1203 1246 facta,
1236 1183 1319 1230 eum

306 1301 440 1376 parere
466 1301 545 1350 non
574 1290 723 1383 posset,
754 1275 977 1373 chirurgum
1008 1276 1234 1365 accersivit,
1257 1277 1319 1374 qui

306 1396 405 1469 viam
421 1391 573 1490 infanti,
605 1393 741 1466 frustra
778 1396 920 1470 exitum
952 1395 1136 1492 quaerenti
1158 1391 1319 1492 amplifi·

286 1527 431 1586 ‘carere
452 1511 559 1610 quod
586 1513 638 1584 ita
664 1512 848 1610 praestitit,
868 1527 912 1582 ut
938 1509 986 1583 ab
1009 1491 1091 1582 ima,
1112 1511 1204 1606 ostii
1222 1511 1320 1620 illius
1403 1553 1404 1564 κ

305 1645 412 1728 parte
437 1632 602 1707 sectione
622 1629 669 1748 agl
689 1653 733 1707 os
748 1619 872 1727 usque
888 1628 1002 1728 pubis
1016 1627 1229 1727 producta,
1248 1630 1319 1700 sive
1403 1713 1404 1718 ἵ

213 1763 215 1768 ’
293 1749 466 1838 ¹oumiuo
479 1774 524 1820 ex
538 1749 744 1847 imperitia,
761 1748 857 1820 sicut
876 1747 930 1820 ibi
945 1745 1131 1820 creditum
1146 1761 1228 1836 est,
1247 1748 1319 1820 sive
1403 1743 1404 1836 ξ

307 1868 434 1964 potius
455 1865 559 1963 quod
575 1890 655 1938 non
677 1855 764 1938 satis
782 1863 853 1943 sibi
872 1879 983 1953 nota,
1008 1887 1187 1954 caesarea,
1206 1889 1317 1963 quam
1403 1927 1404 1964 ᾗ

293 1999 462 2072 ¹vocant,
482 1982 648 2056 sectione
667 1984 725 2056 uti
742 1983 782 2054 in
802 1983 932 2056 animo
959 1980 1158 2071 habuerit,
1173 1979 1317 2068 infans,
1403 2015 1404 2048 1

309 2107 415 2206 quod
427 2122 595 2196 constat,
613 2121 781 2180 servatus
792 2107 856 2196 sit,
873 2121 909 2178 et
926 2119 1047 2178 mater
1059 2128 1221 2212 qufflue
1235 2118 1317 2202 post
1403 2177 1404 2206 ἦ

309 2226 462 2324 longam
474 2225 706 2300 curationem
720 2223 871 2298 tandem
881 2237 1087 2322 persanata.
1096 2221 1211 2313 ‚Quid
1229 2245 1315 2294 vero

309 2343 402 2418 huie
433 2358 564 2442 postea
583 2415 584 2421 ,
604 2341 805 2431 acciderit,
845 2341 1026 2444 quoniam
1054 2321 1144 2420 cum
1183 2340 1315 2413 marito

310 2476 462 2558 (neuter
474 2452 580 2533 enim
595 2458 778 2558 indigene
794 2457 890 2556 erat)
900 2456 1196 2546 inde'discessit,
1212 2460 1316 2530 Lem·

312 2582 412 2678 niaci
430 2577 814 2678 quidem‚ignoratur;
834 2587 1001 2663 atcerte,
1019 2574 1126 2675 quod
1135 2599 1260 2650 unum
1273 2573 1315 2646 ad

312 2698 387 2770 hoo
400 2698 639 2797 propositum
651 2697 738 2781 satis
750 2709 822 2784 est,
834 2693 888 2767 ibi
899 2693 1026 2766 adbuc
1040 2693 1166 2791 irhago
1181 2708 1317 2781 exstat,

311 2839 426 2914 quam
444 2814 611 2888 mulieris
619 2813 791 2891 medicus
803 2811 975 2910 reliquit,
992 2811 1091 2884 illius
1106 2809 1315 2898 abdomen,

311 2936 407 3006 sicut
438 2947 524 3032 ante
557 2933 763 3038 sectionem
790 2916 890 3020 erat,
919 2927 1084 3004 fideliter
1109 2951 1316 3028 represen-

289 3067 403 3123 tans.
1243 3111 1246 3122 .
1320 3039 1322 3044 ’

270 3219 275 3223 -
347 3167 392 3238 ·8.
408 3168 518 3240 Nunc
536 3165 692 3266 quando
708 3165 824 3255 verba
842 3165 924 3258 fieri
949 3161 998 3239 de
1023 3161 1173 3238 feminis
1195 3179 1316 3264 coepta

311 3299 400 3358 sunt
424 3282 551 3357 minus
582 3287 825 3362 matrimonio
859 3284 1023 3374 idoneis;
1062 3305 1148 3380 quoe
1172 3281 1316 3381 ipsein

311 3402 472 3474 duarum
491 3400 736 3492 dissectione,
763 3427 843 3476 non
865 3401 911 3474 de
945 3401 1034 3474 sede
1056 3399 1239 3498 quidem,
1257 3399 1316 3472 sed

310 3521 358 3592 de
385 3519 602 3593 occlusione
634 3521 854 3622 genitalium
879 3519 1179 3615 observaverim,
1199 3517 1318 3591 conti-

309 3635 609 3735 nuossubjiciam.
1403 3633 1404 3644 ¹

360 3781 397 3853 9.
434 3755 573 3828 Mulier
601 3781 723 3830 annos
751 3772 840 3830 nata
867 3756 1125 3854 septuaginta,
1159 3754 1243 3850 jam
1260 3751 1318 3848 diu
1403 3795 1404 3804 κ

307 3888 465 3970 propter
483 3872 743 3948 astlrmaticam
768 3865 1008 3948 affectionem
1028 3873 1069 3946 in
1093 3865 1317 3946 nosocomio

173 3973 180 3985 ’
240 4038 246 4044 -
305 3992 492 4086 jacueram
509 3996 596 4067 cum
613 3993 928 4094 peripneumonia
951 3991 1136 4082 accessit,
1159 4012 1319 4090 eamque
1403 4023 1404 4056 t
