2732 4654
317 411 390 505 334
485 431 532 488 oa
558 427 706 488 sautans
731 435 775 484 ar
801 431 926 486 causis
951 431 1163 490 uonsonou
1356 496 1357 572 t

317 554 471 642 uifesta,
493 577 654 650 eamque
682 551 721 620 in
754 551 836 623 aliis
858 553 999 650 viperis
1020 553 1129 628 aliam
1154 553 1317 632 essedis·
1356 573 1357 650 t

319 672 512 772 crepantia
528 668 713 758 ostendit,
734 669 780 740 de
794 695 869 766 qua
883 695 997 769 supra
1018 671 1031 768 ζ
1040 671 1077 770 1)
1093 673 1235 746 dictum
1256 693 1317 764 est,
1356 673 1357 756 f

316 794 417 863 inter
439 789 612 861 laudatos
631 802 805 888 auctores
827 787 875 858 de
897 813 1053 887 sapore,
1076 807 1114 862 et
1133 789 1318 866 effectibus

187 934 193 942 ·
316 911 356 981 in
377 907 512 995 labris,
531 921 568 978 et
588 906 737 1004 lingua,
759 907 897 978 veneni
919 906 1054 1002 hujus,
1084 915 1318 1008 nequeenim

317 1028 518 1126 quisquam
548 1025 644 1095 ausit
672 1023 863 1114 dubitare,
885 1027 979 1122 quin
998 1051 1041 1097 ea
1066 1051 1150 1124 quae
1170 1053 1241 1127 pro
1260 1031 1318 1100 ob·

244 1209 246 1214 s
315 1146 470 1218 servatis
485 1168 505 1214 a
521 1142 693 1240 quolibet
714 1167 846 1213 eorum
862 1147 1058 1242 proposita
1071 1139 1180 1236 sunt,
1201 1173 1317 1220 revera

315 1263 457 1357 fuerint
478 1261 686 1332 observata.
707 1260 763 1330 Ad
788 1259 867 1332 haec
886 1258 980 1332 illud
998 1263 1104 1360 quod
1126 1281 1182 1338 est
1203 1268 1316 1365 praeci·
1357 1273 1358 1364 f

311 1407 449 1484 puum‚
465 1378 683 1452 addendum
708 1394 787 1467 est,
804 1379 985 1452 interesse
1003 1368 1215 1479 plurimum
1231 1387 1316 1456 inter

238 1569 240 1577 ,
313 1503 481 1598 viperam
495 1523 578 1596 quas
592 1496 708 1567 modo
722 1521 817 1597 saepe
831 1499 1040 1596 sepiusque
1058 1501 1314 1591 momorderit,

231 1635 235 1646 '
314 1635 352 1692 et
369 1619 468 1689 inter
490 1617 591 1687 illam
613 1603 695 1712 quae
726 1614 890 1688 necdum
910 1633 996 1714 post
1014 1603 1166 1714 justum
1190 1635 1315 1718 tempo·

314 1739 365 1810 ris
386 1735 627 1814 intervallum
649 1734 688 1806 id
705 1730 846 1806 fecerit.
874 1739 977 1806 Hanc
1003 1739 1104 1807 enim
1133 1738 1232 1808 inter
1253 1740 1315 1806 irn-

304 1872 511 1956 ,postorum
547 1851 698 1925 fraudes
728 1853 806 1948 jam
843 1853 933 1924 olim
970 1855 1160 1926 recensuit
1188 1855 1313 1952 {auctor

313 1975 402 2048 libri
416 1975 462 2046 de
475 1973 655 2050 Theriaea
675 1969 723 2041 ad
737 1973 912 2043 Pisonem
929 1972 1197 2071 (2)1ltvipe1·ae
1213 1992 1309 2046 aritea

313 2118 429 2192 quam
460 2094 585 2190 ipsos,
618 2089 763 2162 oblatas
794 2114 941 2179 carneS,
971 2091 1130 2162 assidue·
1154 2093 1311 2164 mordere
1358 2077 1359 2090 ¹

312 2213 409 2283 elam
438 2223 685 2305 cogerentur;
713 2209 765 2279 sic
787 2209 888 2280 enim
909 2233 1094 2280 venenum
1120 2210 1229 2307 quod
1255 2236 1310 2282 ore

311 2333 519 2413 continent,
541 2328 715 2422 ejicerent
732 2317 877 2400 necesse
894 2339 998 2417 erat:
1018 2327 1122 2399 unde
1144 2343 1219 2401 tue
1238 2355 1310 2401 con·

311 2446 427 2517 trario
449 2439 562 2515 uriam
592 2442 782 2515 deducere
805 2469 954 2517 causam
975 2460 1104 2542 potes,
1128 2471 1245 2544 quare
1261 2448 1308 2517 ni-

310 2565 450 2636 mirum
481 2562 618 2658 jejunae
648 2562 784 2659 viperae
819 2563 1068 2660 perniciosius
1099 2566 1306 2654 mordeant,

311 2683 507 2779 causisque
536 2677 674 2750 addere
697 2705 791 2776 quas
815 2681 877 2750 alii
906 2683 1178 2779 excogitavere.
1207 2689 1306 2756 Cate-

309 2827 394 2872 rum
413 2798 518 2898 quod
531 2813 638 2870 vetus
659 2797 721 2868 ille
734 2812 867 2870 auctor
886 2799 1056 2885 tradidit,
1079 2800 1305 2873 confirmavit

305 2919 446 2991 Radius
459 2916 534 3014 (3),
552 2940 591 2987 se
602 2915 744 3013 pluries
763 2931 961 3016 expertum
973 2916 1162 3009 scribens,
1183 2921 1301 3017 ejicere

305 3039 453 3134 viperas
471 3057 661 3108 venenum
676 3055 809 3122 omne,
830 3033 956 3106 sinon
968 3036 1111 3133 primo,
1132 3052 1170 3109 at
1187 3040 1299 3109 saltem

305 3153 475 3227 secundo
492 3175 641 3238 morsu,
654 3165 698 3221 ut
710 3153 842 3222 tertius
854 3152 1010 3244 deinde,
1026 3170 1062 3224 et
1080 3145 1297 3252 quartusve-

304 3291 408 3344 neno
424 3284 595 3342 careant:
617 3285 654 3341 et
666 3295 886 3368 quanquam
902 3269 999 3343 infra
1012 3271 1180 3360 iudicet,
1199 3275 1294 3346 tertio

304 3415 460 3490 quoque
474 3411 585 3488 posse
605 3387 810 3485 aliquando
836 3413 1028 3462 venenum
1053 3389 1206 3482 inferri,
1228 3393 1290 3462 imo
