2782 4652
319 421 388 520 398
481 441 527 489 or
553 437 698 488 sromrs
722 439 767 486 rr
791 438 917 502 crusis
940 433 1151 492 uorronuu

317 556 476 645 sinistri,
497 556 697 626 interrasa
715 547 853 626 effusus
870 567 948 626 erat
970 577 1050 626 non
1076 555 1128 628 ita
1156 553 1303 629 multus:

314 675 458 762 multus
473 686 597 746 autem
610 671 655 742 iu
664 671 882 744 ventriculis
893 663 1084 754 omuibus.
1101 675 1146 744 ln
1165 671 1310 746 laterali·

314 792 498 868 huseuim
509 789 904 890 proeoergrumumqui
914 787 1210 876 duas,nediemr
1223 798 1310 878 tres,

314 912 445 986 uncias
464 906 635 1007 pondere
654 929 803 1004 sequare
829 901 1047 996 videbatur,
1078 904 1218 980 fluidus
1231 931 1312 983 san-

316 1029 397 1126 guis
421 1025 604 1122 reliquam
621 1037 767 1124 partem
784 1019 901 1094 ferme
920 1047 1075 1096 omnem
1089 1047 1223 1096 eornm
1234 1047 1312 1098 ren·

314 1142 566 1230 trieulorurn,
594 1153 632 1211 et
658 1140 811 1212 tertium
842 1140 1038 1237 iusuper,¹
1065 1155 1311 1239 quartumque

316 1256 535 1358 occupabat.
582 1261 676 1330 Cum
704 1255 806 1330 unde
841 1257 1026 1356 erupisset
1065 1258 1312 1356 inquirerem,

317 1379 370 1451 sic
400 1374 648 1476 reperiebam.
678 1375 835 1447 Sinistri
866 1375 1067 1448 ventriculi
1104 1374 1314 1475 superficies

314 1495 522 1598 posterior,
543 1509 579 1566 et
587 1492 743 1566 thalami
759 1493 826 1589 qui
841 1493 879 1564 iu
897 1515 944 1566 eo
958 1507 1060 1579 emt,
1077 1495 1187 1565 nervi
1205 1493 1312 1592 optici

313 1611 643 1709 'suaiuaequalitate
667 1609 934 1680 lacerationem
960 1609 1171 1706 prodebat:
1203 1633 1313 1709 quam

312 1729 435 1803 multo
452 1728 570 1826 magis
585 1724 773 1824 prodebat
787 1723 1005 1822 superficies
1014 1727 1219 1799 ventriculi
1230 1727 1310 1800 dex-

313 1847 400 1937 teri,
414 1861 547 1946 utpote
565 1867 648 1942 quae
668 1865 745 1914 oon
764 1842 879 1914 modo
895 1841 1037 1939 ubique
1054 1858 1134 1916 erat
1155 1846 1313 1942 inemta-

261 2045 268 2056 Ι
312 1966 374 2052 lis,
393 1987 525 2036 rernm
543 1964 699 2058 insuper
717 1959 912 2032 virullum
924 1959 1122 2056 vestigium
1141 1959 1313 2032 servabat

311 2083 467 2156 thalami
485 2081 563 2169 sui,
584 2079 733 2150 nullum
753 2091 878 2150 autem
903 2089 1059 2174 prorsus
1089 2078 1208 2152 striati
1237 2102 1315 2150 cor·

294 2201 437 2296 poris,
462 2198 572 2292 cujus
590 2195 716 2268 sedem
743 2193 896 2267 tenebat
915 2192 1121 2268 substantia
1143 2192 1314 2292 quaedam

200 2411 202 2416 Ι
311 2314 452 2404 lurida,
474 2312 601 2386 colore
624 2337 670 2384 ex
692 2307 906 2400 subrubro,
940 2325 976 2384 et
1012 2309 1179 2414 subflavo
1206 2313 1316 2414 quasi

310 2435 444 2522 misto,
460 2451 634 2515 mucosa,
648 2428 759 2526 plane
777 2442 973 2527 corrupta,
993 2429 1073 2500 sine
1090 2427 1168 2502 ullo
1184 2442 1317 2502 tamen

228 2577 230 2589 ¹
312 2551 415 2650 gravi
437 2548 568 2622 odore.
600 2529 809 2620 Ventriouii
841 2550 1039 2642 utriusque
1071 2568 1202 2618 carum
1238 2561 1319 2620 erat

254 2751 256 2757 ,
312 2665 599 2770 amplificatum,
623 2677 772 2760 septum
790 2661 959 2734 lucidum
977 2671 1222 2760 perruptum,
1238 2661 1319 2734 for-

310 2789 406 2860 nicis
416 2783 615 2880 uestigium
628 2779 776 2850 nullum
787 2831 798 2856 ,
811 2779 997 2876 plexuum
1009 2776 1239 2852 choroidum
1254 2781 1318 2852 rix

309 2903 446 2988 ullum,
474 2898 590 3000 idque
609 2919 630 2968 a
656 2897 814 2970 sinistris
837 2894 1033 2984 duntaxat,
1057 2919 1128 2968 nec
1150 2896 1317 2994 turgidis

308 3019 489 3106 resculis,
510 3016 575 3090 sed
594 3011 835 3114 pallentibus
865 3015 1032 3103 Quarum
1057 3037 1180 3086 rerum
1199 3015 1316 3088 nulla

310 3159 388 3210 esse
407 3147 554 3234 poterat
567 3131 780 3217 admiratio,
793 3125 861 3202 nbi
873 3144 973 3204 tenta
991 3128 1100 3202 effusi
1115 3132 1316 3228 sauguinis

215 3305 219 3312 ·
308 3254 415 3351 copia
431 3249 568 3340 fuerat,
579 3263 762 3348 quantum
776 3246 960 3336 diximus,
976 3262 1014 3320 et
1031 3272 1076 3318 ex
1093 3275 1138 3320 eo
1155 3273 1316 3323 concre-

264 3401 266 3404 ·
303 3385 411 3444 »verat
434 3369 583 3468 amplus
610 3367 681 3440 itte*
698 3387 855 3464 grunius
880 3367 947 3464 qui
979 3364 1167 3438 dexteram
1198 3368 1315 3441 sinis-

308 3505 479 3586 tramque
497 3488 577 3560 cavi
593 3499 759 3583 partem,
781 3482 846 3556 sed
862 3481 959 3556 hauc
972 3486 1111 3582 magis,
1124 3500 1313 3560 tenuerat.
1388 3533 1389 3544 κ

306 3608 365 3682 Ob
382 3631 465 3680 eam
493 3605 612 3702 igitur
638 3595 859 3674 effusionem
880 3604 1073 3698 sauguinis
1094 3615 1232 3673 tautam
1263 3629 1314 3676 ne

304 3724 379 3810 hoc
396 3721 552 3822 quidem
569 3745 650 3794 sum
669 3721 846 3805 miratus,
868 3718 970 3820 quod
990 3719 1188 3790 ventriculi
1209 3725 1314 3794 tertii

305 3829 421 3914 latera
429 3865 508 3918 nou
519 3839 570 3910 ita
588 3841 785 3936 perspicue
797 3837 1059 3932 apparuerint,
1078 3838 1154 3908 sive
1171 3862 1191 3908 a
1207 3863 1312 3910 com·

304 3958 517 4056 pressione,
532 3953 906 4044 siveadistraotrone,
916 3954 992 4028 sire
1005 3955 1117 4026 etiam
1134 3953 1310 4028 alacerr-
