2700 4660
53 409 119 461 tra.
134 412 185 460 tv.
203 413 251 460 nn
264 403 402 460 nonnis
415 399 610 472 emanso,
623 397 692 456 ete.
705 399 816 456 nrrsr.
832 405 934 455 Lvrm.
963 409 1028 456 aar

33 537 94 595 tos.
106 531 193 597 Haec
208 549 295 597 cum
316 523 396 596 dies
407 523 620 620 pertulisset
630 518 781 592 circiter
792 521 1009 618 quindecim
1022 539 1041 610 ,³

34 639 377 736 postremoviribus
394 639 532 710 sensim
552 637 651 708 intra
663 657 783 706 unum
802 636 1039 736 diemmagis·

35 759 224 855 magisque
256 754 582 840 decrescentibus,
616 751 766 824 vivendi
798 752 914 861 finem
947 754 1035 826 fecit

36 873 98 946 sub
115 874 285 970 januarii
304 872 419 944 finem
433 873 522 942 anni
544 873 647 969 1747.
667 869 850 956 Cadaver,
869 873 898 942 si
921 895 1034 968 quas-

35 991 111 1060 dam
125 1017 172 1063 ex
187 991 345 1064 thorace
365 1005 489 1088 partes
508 990 686 1086 excipias,
704 1001 748 1060 e'o
761 1003 932 1086 tempore
948 1013 1034 1086 per-

36 1107 189 1182 lustrare
218 1132 300 1180 non
331 1109 458 1204 potui,
484 1107 627 1205 quippe
649 1107 689 1176 in
719 1104 799 1176 aliis
828 1123 1035 1204 occupatus

37 1245 111 1320 qua*
133 1223 183 1296 ad
208 1223 435 1296 tradendam
472 1221 624 1321 publice
652 1238 851 1294 anatomen
885 1247 930 1294 ex
962 1249 1034 1296 usu

36 1341 355 1415 erant.Pulmones
368 1337 502 1412 fracidi
516 1335 689 1427 fuerunt,
704 1354 740 1410 et
753 1363 863 1436 grave
876 1340 1039 1414 olentes'

37 1461 100 1529 Cor
127 1459 268 1532 laxum.
295 1461 339 1528 In
363 1481 440 1528 una
468 1481 513 1527 ex
546 1457 689 1528 arteriae
718 1481 854 1554 magna
877 1459 1033 1530 valvulis

37 1577 161 1647 arantii
182 1574 453 1673 corpusculum
467 1573 587 1645 multo
599 1575 734 1670 majuS,
756 1599 870 1671 quam
884 1599 1035 1672 aequum

39 1707 132 1764 esset.
149 1691 231 1764 Sub
247 1715 369 1788 eoque
384 1692 424 1761 in
444 1715 487 1762 ea
501 1688 593 1760 facie
615 1714 690 1787 qua
705 1689 851 1761 valvula
867 1691 1032 1764 valvulas

40 1809 244 1906 spectabat,
272 1807 521 1880 membraneae
551 1807 697 1878 laminae
724 1833 768 1879 ex
802 1808 942 1906 quibus
969 1810 1033 1881 illa

40 1923 162 2015 fiebat,
192 1926 241 1998 ad
266 1925 460 1998 modicum
486 1940 648 2000 tractum
683 1925 734 1996 ita
765 1925 958 2021 sejunctae,
989 1942 1035 2016 ut

42 2067 105 2138 qna
118 2043 299 2131 hiabant,
323 2043 521 2142 speeil‘lum
549 2043 752 2123 immittere
774 2044 874 2114 inter
890 2060 1035 2117 utram·

42 2183 106 2256 que
136 2163 338 2260 potuerim.
377 2165 462 2258 Ipse
501 2173 626 2233 autem
650 2162 846 2259 proximus
891 2165 1032 2234 arteriae

42 2290 188 2351 truncus
203 2277 339 2351 albidis
360 2278 462 2350 intus
482 2276 638 2349 maculis
661 2279 795 2376 passim
814 2279 1030 2371 distinctus,

43 2415 102 2464 nec
114 2397 202 2468 satis
217 2393 333 2481 laevis,
350 2395 428 2464 imo
442 2393 617 2466 nonnihil
635 2394 836 2494 inaequalis.
862 2401 951 2470 Mox
963 2423 1030 2472 au-

43 2521 106 2580 tem
122 2511 171 2583 ad
197 2526 434 2583 curvaturam
461 2511 500 2583 in
524 2535 747 2608 aneurysma
768 2513 967 2605 distentus;
989 2512 1031 2586 ut'

44 2649 112 2722 quae
132 2632 173 2700 in
196 2629 260 2701 illa
291 2629 435 2701 valvula
460 2627 726 2719 animadverti,
754 2631 900 2720 minus,
934 2634 1031 2704 sicut·

44 2741 118 2816 alibi
131 2747 186 2844 (ι)
203 2747 281 2820 dixi
292 2800 302 2836 ,
314 2747 480 2819 mirarer.

87 2869 135 2952 14.
152 2864 231 2936 Etsi
241 2863 291 2936 ob
309 2889 391 2938 eam
404 2863 616 2962 quamodo
629 2880 835 2937 memorata
853 2881 927 2956 est,
941 2891 1032 2941 cau-

23 3047 27 3050 .
45 3000 128 3070 sam,
146 3007 226 3054 non
252 2983 338 3054 satis
354 2982 461 3079 potui
479 2978 577 3054 hanc
597 2981 897 3055 observationem
915 2983 1030 3084 perfi-

45 3118 137 3189 cere3
153 3102 439 3199 praetermittere
452 3115 577 3210 tamen
593 3101 718 3188 nolui,
734 3117 776 3173 ut
796 3105 1027 3202 conjungere

45 3233 117 3284 cum
131 3217 212 3288 aliis
232 3217 366 3314 possis,
382 3217 490 3287 initio
508 3216 621 3314 hujus
635 3220 797 3315 epistolae
814 3220 866 3316 (2)
885 3221 1029 3292 indica-

45 3327 99 3418 tis,
115 3331 255 3430 quibus
268 3357 347 3404 non
360 3357 448 3404 raro
463 3334 503 3403 in
522 3334 584 3408 lue
600 3358 759 3407 venerea
772 3336 855 3406 laedi
874 3341 1025 3435 pulmo·

45 3467 113 3536 nes,
140 3449 223 3520 laedi
245 3451 418 3522 arteriam
448 3475 643 3548 magnam,
666 3466 710 3524 -et
739 3453 778 3523 in
804 3477 1029 3552 aneurysma·

48 3558 175 3636 dilatari
199 3565 444 3639 ostendimus.
467 3571 633 3641 Fortasse
665 3593 775 3642 renes
798 3595 952 3670 quoque
985 3577 1025 3645 in

51 3738 1034 3786 w

78 3845 115 3926 (1)
132 3849 226 3927 Epist.
242 3868 299 3926 ²7,
316 3871 348 3910 π·
363 3871 391 3925 a·

80 3946 116 4027 (²)
135 3953 172 4008 N·
194 3969 223 4008 ²·
