2858 4658
182 444 254 491 mr.
269 443 318 492 iv.
335 443 382 491 nn
401 443 537 492 uonars
548 439 742 508 emanue,
757 434 826 492 etc.
843 445 954 494 rrrsr.
977 449 1032 495 nv.
1084 426 1131 525 67

122 553 212 628 dam
241 583 420 645 carnem,
449 574 485 629 et
514 557 694 627 nonnihil
725 555 931 649 fetentem,
963 587 1046 658 qnae
1066 564 1136 634 ubi

122 675 329 772 paulatim,
356 677 465 748 sicuti
491 673 693 762 faciebant,
729 675 904 774 adempta
935 695 1054 767 esset,
1094 695 1136 751 ut

123 807 204 863 erat
228 793 294 864 illa
316 818 361 865 eo
383 794 469 864 loeo
487 819 564 890 quo
590 793 873 881 tarsiariditas,
903 793 1135 894 duritiesque

123 910 368 999 desinebant,
397 912 513 982 visuri
543 925 668 997 erant,
696 935 790 1008 num
821 913 962 1008 putridi
992 913 1137 1012 aliquid

124 1027 318 1117 subesset,
337 1055 384 1100 an
401 1027 590 1126 quidquid
608 1028 733 1099 mollis
747 1029 787 1098 iu
806 1043 906 1101 turso
923 1028 1063 1116 fuerat,
1083 1060 1140 1104 re·

123 1148 266 1217 verain
277 1151 473 1232 mumiam,
491 1161 535 1216 ut
553 1145 771 1232 videbatur,
790 1162 885 1218 esset
899 1172 1135 1221 conversum.

124 1264 240 1354 Quod
260 1263 307 1336 ad
329 1265 617 1350 crusattineret,
640 1265 805 1333 anterius
826 1265 979 1360 quidem
1002 1292 1138 1338 seeun-

125 1382 217 1454 dum
237 1398 411 1454 naturam
429 1377 729 1479 propemodum,
750 1405 835 1452 sura
851 1405 942 1452 vero
960 1385 1137 1456 nonnihil
1234 1460 1237 1468 ,

123 1525 203 1574 esse
222 1500 509 1572 subtumidum:
531 1523 640 1570 crure
652 1523 893 1598 compressu,
913 1500 1077 1599 aliquam
1095 1506 1136 1574 iu

127 1620 238 1692 ulcus
267 1619 428 1716 exprimi
461 1617 565 1715 puris
597 1631 759 1715 guttam,
793 1640 897 1687 nunc
921 1619 1137 1708 albicantis,

128 1761 232 1807 nunc
248 1734 367 1805 rubro
383 1734 509 1805 colore
530 1731 675 1820 infecti3
693 1747 820 1805 tamen
837 1734 917 1831 ejus
934 1753 1058 1808 cutem
1076 1763 1139 1809 na·

128 1854 293 1924 turalem
321 1851 512 1938 calorem,
542 1851 783 1948 coloremque
810 1875 967 1923 servare.
994 1854 1139 1927 Ulceris

129 1997 201 2070 pus
227 1995 310 2042 esse
326 1972 576 2067 variegatnm:
603 1969 780 2066 illiusque
804 1971 901 2066 parti
923 1993 998 2066 qua
1019 1974 1139 2068 putri·

128 2089 219 2161 dum
236 2103 360 2177 esset,
386 2112 427 2158 ea
450 2112 532 2184 quae
555 2085 747 2186 putredini
775 2086 1041 2174 adversantur,
1069 2091 1140 2159 im-

124 2208 221 2306 poni
237 2233 247 2294 3
266 2231 343 2303 qua
363 2217 488 2276 autem
509 2203 827 2290 vividerubrum,
859 2204 1136 2278 lurnbricorum

75 2359 79 2374 ·
127 2324 363 2396 terrestrium
381 2347 536 2393 succum
560 2321 751 2407 adhiberi,
783 2337 825 2392 ut
841 2347 954 2418 quem
973 2323 1025 2393 ibi
1041 2351 1138 2420 quo·

127 2467 202 2539 que
221 2439 329 2510 valde
363 2435 575 2537 proficuum
602 2441 874 2536 experirentur.
912 2442 1024 2530 Quod
1056 2446 1140 2515 reli-

128 2585 248 2658 quum
266 2571 385 2645 esset,
403 2557 543 2628 lentam
569 2557 669 2626 illam
697 2554 918 2626 febriculam
940 2584 1139 2655 nunquam

128 2677 282 2763 abiisse,
294 2676 372 2745 imo
393 2673 597 2772 aliquando
613 2676 723 2744 etiam
741 2674 907 2744 intendi:
929 2691 1061 2750 noctes
1081 2680 1140 2749 ali·

129 2819 224 2894 quas
243 2796 413 2892 inquiete
428 2792 576 2863 traduci
606 2791 655 2862 ob
685 2793 874 2890 pruritum
903 2794 943 2863 in
966 2799 1137 2895 corporis

131 2913 300 2999 ambitu,
332 2935 610 3008 nonnunquam
641 2909 691 2980 oh
728 2925 853 2982 motus
884 2913 1140 3010 spasmodicos

132 3035 211 3105 sani
229 3031 370 3117 cruris,
390 3029 557 3126 denique
572 3043 658 3100 cute
680 3029 923 3126 quantumvis
944 3033 1140 3104 etiamtum

132 3149 238 3220 molli
253 3175 262 3237 3
279 3171 420 3244 aegrum
443 3163 567 3218 tamen
587 3145 634 3216 ad
655 3163 858 3219 extremam
882 3150 1038 3219 maciem
1061 3177 1140 3224 esse

132 3269 337 3339 redactum.
357 3269 452 3335 Cum
472 3263 557 3352 alia,
578 3281 659 3335 tum
677 3264 751 3335 hoc
775 3269 980 3362 praesertim
1002 3285 1140 3364 postre-

133 3413 238 3458 mum
249 3383 495 3456 vehementer
505 3383 712 3481 displicuit,
727 3399 770 3454 ut
789 3384 893 3480 quod
905 3387 986 3454 vitae
997 3387 1139 3460 diutius

134 3501 399 3604 protrahendae
413 3525 517 3598 spem
541 3501 650 3572 valde
672 3502 870 3572 minueret.
894 3489 1067 3574 Attamen
1090 3531 1138 3578 ne

137 3625 214 3694 seni
233 3619 508 3720 generossimO,
526 3634 563 3688 et
582 3619 730 3689 medico
749 3618 1020 3691 humanissimo
1038 3648 1141 3718 pror·

137 3765 196 3812 sus
214 3739 401 3825 deessem,
418 3761 583 3832 quorum
607 3751 767 3833 uterque
791 3737 841 3806 ob
862 3762 904 3808 ea
930 3763 1013 3833 quse
1030 3757 1140 3812 antea

137 3861 379 3957 scripseram,
399 3855 483 3952 plus
508 3853 739 3952 mihiquem
767 3856 846 3950 ipse
875 3879 1137 3951 agnoscerem,

135 3976 375 4064 tribuebant,
397 3972 541 4044 eumad
559 3988 689 4045 caetera
706 3971 1001 4070 respondissem,
1019 3999 1141 4074 eapo.
