2782 4652
67 491 166 539 nmv.
179 442 948 566 nunnunrnrsanurnlsornnron.uersum.
976 464 1054 556 433

65 575 1058 704 possint,minusnrdmoveretScaramuccii(r)exem·

66 725 160 821 plum
178 723 224 795 de
243 723 374 821 porci,
399 747 420 793 a
444 710 592 794 rabioso
615 745 707 794 cane
727 722 918 811 de'm'orsi,
944 730 1056 794 carne

65 843 204 912 innoxie
242 855 413 938 sumpta,
445 839 589 911 etiamsi
612 853 800 910 constaret
827 840 868 910 in
894 863 962 911 sue
991 839 1057 912 illo

66 957 197 1030 rabiem
227 953 340 1030 fuisse
365 947 453 1054 jam'
467 953 723 1045 manifestam,
741 981 855 1054 quam
882 963 1060 1034 moveant

67 1075 242 1146 contraria
263 1074 453 1172 exempla,
487 1087 524 1146 et
552 1069 777 1144 nominatim
804 1071 964 1173 Bauhini
985 1071 1058 1171 (i),

64 1171 269 1264 accedente¹
288 1192 445 1288 insuper
480 1191 655 1288 Lemeryi
682 1188 757 1286 (3)
794 1188 1059 1262 observatione

65 1311 156 1380 canis
175 1308 393 1380 rabientisa
419 1317 588 1379 'comesto
613 1308 795 1406 sanguine
818 1307 885 1404 qui
900 1397 905 1402 Ι
920 1307 1059 1405 hydro-

64 1417 184 1521 phobo
196 1425 386 1497 detractus
401 1422 532 1496 fuerat.
545 1425 678 1520 Neque
694 1425 794 1494 enim
808 1423 911 1521 quod
925 1439 1056 1495 coctus

62 1567 132 1612 non
151 1540 286 1631 fuerit,
302 1557 499 1613 utcarnes
519 1541 658 1623 solent,
686 1563 767 1610 rem
792 1539 899 1611 valde
916 1556 1055 1630 mutat,
1088 1548 1090 1558 '

61 1683 139 1730 oum
154 1661 266 1758 lunge
280 1660 350 1733 alia
364 1675 498 1756 ,atque
515 1657 610 1730 adeo
625 1671 789 1728 extrema
807 1658 903 1755 ignis
919 1661 974 1730 vis
996 1657 1053 1730 re-

62 1774 1055 1875 quiratur,utviruspertinacissimeinhaerens,pror·

62 1917 115 1966 sus
131 1895 231 1994 abigi
253 1897 419 1993 potuisse
448 1892 655 1966 credamus.
686 1894 762 1964 Etsi
780 1917 871 1964 vero
902 1917 984 1990 quae
1011 1919 1056 1965 ex

61 2015 189 2084 Zacuto
200 2012 254 2108 (4)
272 2011 555 2110 producuntur,
567 2007 849 2083 observationes
863 2011 1056 2107 sanguinis

60 2128 290 2202 rabiosorum
305 2153 463 2219 canum,
483 2127 607 2226 gladio
625 2150 703 2226 quo
726 2129 751 2197 ii
764 2125 957 2200 transfossi
973 2123 1055 2198 fue-

61 2263 152 2336 rant,
173 2250 226 2320 sic
246 2247 488 2336 adhaerentis,
513 2261 551 2318 et
568 2271 756 2318 venenum
769 2235 1056 2335 'conservantim

60 2379 97 2435 ut
116 2365 205 2436 inde
227 2366 416 2438 immissus
430 2366 475 2434 in
490 2365 722 2438 vulneratos
736 2364 795 2434 vel
820 2363 948 2436 multis
970 2375 1056 2462 post

59 2483 158 2554 annis
179 2480 556 2579 rabiem-induxerit,
586 2483 673 2576 etsi,
701 2481 874 2579 inquam,
904 2480 1057 2552 mirabi·
1118 2484 1120 2490 ’

58 2595 164 2668 liores
204 2599 300 2684 sint,
337 2621 452 2694 quam
479 2613 523 2667 ut
558 2621 690 2669 omues
708 2595 904 2668 radhibere
940 2595 1056 2668 fidem

58 2729 220 2811 queant,
248 2729 373 2789 tamen
399 2713 700 2802 credibiliorem,
726 2714 766 2784 ni
784 2712 913 2802 fallor,
945 2703 1067 2810 aliam*

57 2829 182 2929 legisse
214 2829 347 2903 videor
372 2829 474 2930 apud
501 2831 546 2902 cl.
573 2831 801 2930 Brogianum
826 2830 901 2928 (5),
922 2831 1057 2908 admo-

56 2948 272 3046 nendosque
292 2971 372 3021 esse
391 2959 627 3046 prosectores
650 2971 730 3018 non
757 2949 993 3046 negaverim,
1013 2965 1055 3023 ut

57 3065 92 3134 in
109 3066 353 3138 cadaveribus
381 3064 725 3166 hydrophoborum
757 3067 1054 3166 perlustrandis,

57 3195 189 3256 attente
216 3197 389 3272 caveant,
407 3167 464 3260 ¹'ue
488 3199 621 3261 manus
649 3183 721 3257 sibi
747 3181 843 3257 forte
866 3200 1053 3286 compun-
1145 3213 1149 3220 ·

58 3379 1054 3408 Ἣ
788 3411 791 3422 .

92 3512 137 3598 (r)
152 3515 230 3596 Eph.
243 3523 281 3578 N:
296 3513 329 3578 C.
344 3522 408 3580 dee.
422 3521 458 3592 3,
473 3524 508 3579 A.
521 3533 580 3599 pet
594 3523 686 3594 10,in
697 3523 835 3600 Append.
847 3525 913 3580 suh.
925 3544 956 3614 n.
973 3524 1014 3581 6,

76 3685 79 3690 ¹
92 3616 133 3697 (a)
153 3621 245 3696 Apud
256 3623 395 3698 Stalpart.
404 3633 481 3680 cent.
493 3642 505 3680 1
517 3623 599 3694 ,obn
613 3642 669 3682 roo
676 3665 685 3695 ‚
697 3620 1057 3698 insoh01.,haudproeu1

58 3719 154 3778 afine.

93 3820 135 3900 (3)
155 3823 231 3910 Hist.
247 3821 283 3880 de
290 3821 403 3879 irland.
417 3839 482 3897 roy·
491 3823 542 3880 des
557 3823 765 3897 Soien0e5,an.
775 3837 861 3896 1707,
874 3823 1055 3896 obserat-1.
1147 3823 1153 3831 '

93 3919 135 3998 (l)
155 3923 249 4002 Apud
258 3923 401 3998 Stalpart.
415 3917 511 3980 schol.
523 3923 573 3980 cit.
1100 3919 1103 3928 ’

93 4018 136 4102 [5)
154 4025 200 4083 De
212 4042 328 4087 veneno
340 4023 482 4082 animant.
490 4065 499 4100 ,
512 4043 544 4102 p.
559 4041 586 4082 a.
669 4025 673 4032 '

127 4145 158 4218 7.
410 4228 415 4246 x
855 4095 924 4193 ι38.
