2824 4652
320 429 390 510 530
486 457 533 506 m
559 451 705 515 uorans
722 457 775 510 ..nr
800 457 1163 516 canus-nonnonun

317 571 439 644 multo
463 584 590 654 antem
610 569 738 642 minus
762 573 907 646 cunetis
927 576 995 672 qni
1024 575 1189 649 insecuti
1216 589 1319 664 sunt,

211 701 213 706 '
314 687 470 775 diebus,
487 709 576 760 mm
601 684 720 760 homo
742 673 871 762 tamen
893 689 942 762 ad
965 675 1181 766 extremum
1204 718 1318 792 usque

314 822 442 882 mente
456 804 631 904 riguerit,
648 801 773 878 libens
797 805 1019 882 alimentum
1037 813 1262 909 sumpserit,
1282 811 1318 880 in

314 923 453 999 lectulo
484 946 524 996 se
557 943 710 994 morere
733 922 910 1010 valuerit,
926 927 1044 1024 quin,
1079 929 1108 1000 si
1144 930 1318 1002 ultimum

315 1041 477 1139 excipias
489 1037 606 1125 diem,
624 1060 776 1137 semper
788 1041 1104 1141 quotiescumque
1114 1045 1250 1140 major
1265 1069 1317 1118 so·

314 1157 400 1244 lito,
416 1154 674 1254 respirationis
687 1157 859 1252 angustia
874 1174 1044 1256 cogeret,
1063 1162 1215 1260 impetu
1228 1187 1316 1259 quo·

316 1273 403 1376 ditm
423 1295 462 1346 se
485 1269 533 1342 ad
560 1269 769 1346 sedendum
796 1274 981 1346 continuo
1004 1277 1161 1376 erigere.
1199 1281 1317 1352 Facies

315 1404 396 1466 erat
416 1413 461 1464 ex
482 1384 603 1463 rubro
621 1387 805 1462 violacea·
831 1386 934 1462 Nihil
959 1392 1065 1489 quod
1095 1394 1317 1468 morbosum

312 1521 428 1596 esset,
453 1503 740 1604 expectorahat‚
763 1506 834 1580 uisi
851 1507 958 1604 quod
974 1507 1093 1582 biduo
1110 1525 1204 1583 ante
1222 1537 1317 1584 mor-

302 1635 390 1700 'tem
410 1624 617 1722 sanguinea
634 1621 780 1722 aliquot
800 1639 910 1722 sputa
932 1641 1207 1724 apparuerunt.
1234 1633 1317 1720 Qua

312 1767 405 1816 vero
417 1739 583 1814 adinitia
599 1738 741 1829 morbi,
761 1764 964 1840 causasque
983 1746 1214 1828 numerent,
1235 1773 1316 1820 cum

312 1861 431 1936 bomo
443 1873 540 1932 esset
548 1858 778 1956 alienigena,
798 1861 980 1957 quaerenti
1001 1861 1095 1936 mihi
1112 1880 1203 1961 post
1219 1891 1315 1954 mor·

312 1995 389 2052 tam
407 1979 502 2050 scire
521 1997 599 2050 non
626 1974 741 2046 licuit.
767 1974 941 2060 Bibacem
958 1992 1084 2051 temen
1102 1977 1222 2054 fuisse
1241 2007 1316 2056 sus·

311 2094 548 2197 picabantur.
586 2096 798 2182 Ventrem,
831 2108 868 2166 et
899 2093 1094 2172 thoracem
1131 2099 1315 2178 Medlavia

311 2227 442 2288 noster
467 2235 555 2284 cnm
573 2211 779 2308 aperuisset
802 2212 842 2296 in
867 2216 1110 2304 nosocom.io;
1141 2217 1182 2288 in
1201 2218 1315 2292 altero

311 2351 470 2428 aquam,
489 2327 556 2402 sed
575 2327 698 2403 multo
716 2327 802 2425 plus
827 2330 869 2402 in
889 2331 1011 2429 primo
1031 2329 1147 2405 fuisse
1167 2337 1315 2427 retulit,

311 2446 642 2544 ventriculumquc
665 2445 930 2544 peramplum:
958 2447 997 2522 iu
1014 2447 1172 2524 thorace
1190 2467 1315 2526 antem

243 2585 247 2595 ¹
304 2566 536 2665 pulmonem
547 2562 742 2638 dexterum
753 2578 855 2638 arcte
865 2565 914 2638 ad
925 2563 1094 2664 pleuram
1106 2568 1312 2646 adhaesisse.

311 2687 434 2778 Qrtenr
454 2703 540 2754 cum
561 2681 727 2768 sinistro,
747 2691 785 2754 et
802 2684 943 2756 ceteris
966 2695 1049 2782 quae
1072 2686 1175 2785 intra
1193 2688 1317 2763 thora.

311 2819 392 2876 cem
414 2815 520 2888 sunt,
537 2823 582 2870 ex
591 2799 771 2872 iisautem
782 2823 865 2896 quaa
876 2802 1009 2874 suntin
1021 2818 1312 2907 ventre‚magna
1398 2856 1402 2894 a

310 2943 413 3008 rasa,
428 2932 468 2991 et·
481 2914 669 3015 quidquid
689 2915 833 3029 tere-t
853 2919 1053 3013 urinarias,
1075 2935 1112 2994 et
1132 2926 1313 3020 genitales

308 3051 434 3136 partes
462 3034 615 3120 attinet,
641 3031 794 3122 adme,
819 3041 861 3106 ut
887 3038 1091 3134 petieram,
1118 3039 1311 3116 afferenda

309 3153 468 3241 curavit,
485 3154 525 3224 in
540 3147 734 3250 gymnasio
749 3167 949 3230 anatemati
963 3153 1178 3230 docentem.
1197 3161 1312 3258 Igitur
1400 3154 1404 3165 '

192 3351 201 3360 ,
308 3271 539 3369 inspeximus
574 3266 803 3366 diligenter:
831 3295 957 3369 neque
986 3273 1025 3344 in
1065 3275 1312 3372 pulmonibus

308 3386 482 3466 morbosi
506 3384 715 3486 quidquam
745 3385 916 3465 vidimus.
949 3377 1208 3468 Pericartlium
1238 3409 1311 3468 erat

308 3503 520 3591 dilatatum,
536 3516 574 3576 et
591 3503 701 3580 sicuti
723 3500 917 3580 fluctuatio
941 3505 1154 3596 indicabat,
1175 3512 1308 3585 humo-

307 3648 389 3698 rem
402 3619 639 3708 continebat,
659 3624 726 3718 qui
745 3629 842 3722 aq'ua
859 3648 936 3694 non
956 3625 1073 3697 multa
1087 3624 1178 3719 fuit,
1192 3655 1305 3727 eaque

256 3761 266 3774 “
307 3739 426 3813 flava:
457 3763 536 3838 quo
575 3738 771 3812 colorent
802 3763 924 3812 serum
963 3739 1074 3816 fuisse
1110 3745 1302 3830 dixerunt,

308 3860 431 3932 emissi
450 3882 470 3929 e
495 3858 643 3928 vivente
671 3857 881 3954 sanguinis,
910 3859 960 3930 ita
978 3885 1066 3932 mox
1088 3865 1301 3937 interiorem

307 3973 456 4050 dissecti
476 3971 621 4060 cordis,
642 3987 679 4048 et
699 3975 921 4078 arteriarum
941 3975 1073 4050 faciem
1091 3980 1236 4080 ubique
1252 3983 1305 4052 in·

1401 548 1407 719 i
