2700 4660
84 466 149 513 tm.
162 459 210 512 w.
228 465 276 510 oa
289 456 427 508 troams
440 445 718 523 carnonc.,etc.
734 457 845 516 amm.
861 455 964 506 amn.
993 429 1064 534 ²39

57 604 134 678 quo
152 575 347 676 prodiere,
363 573 544 671 pleraque
559 597 625 644 sua
646 591 760 645 manu
781 575 833 644 sic
847 574 1065 662 emendata,

58 713 96 768 et
115 711 245 780 aucta,
270 681 593 790 quemadmodum
621 715 642 760 a
667 691 905 791 typographo
929 695 1066 766 iterum

59 811 221 886 describi
235 809 396 880 volebat.
411 811 502 898 Quae
518 809 633 905 igitur
647 810 773 880 omisit
785 809 1066 907 Pepadopolus‚

59 934 95 1001 in
110 917 235 1028 primo
254 927 408 1024 quidem
424 925 617 996 volumine
637 924 715 997 haec
737 943 836 998 sunt.
864 929 978 1018 and
988 953 1066 998 me-

60 1049 144 1119 dico
166 1046 340 1140 chirurgo
351 1043 465 1114 liceat
480 1043 624 1140 absque
635 1049 728 1116 artis
742 1043 924 1116 dedecore
942 1047 1066 1118 bestiis

60 1173 172 1238 etiam
190 1162 343 1234 mederi.
363 1166 507 1233 Oratio.
529 1199 578 1215 ·-
598 1165 656 1232 De
680 1162 856 1234 Pboeaice
873 1170 911 1234 in
930 1159 1069 1235 namis-

61 1298 161 1354 mate
189 1287 283 1380 Imp.
309 1283 499 1350 Antonini
521 1279 731 1353 Caracalla
750 1305 938 1380 expressa.
956 1287 1070 1380 Epis-

62 1401 150 1472 tola.
172 1439 222 1454 --
236 1403 368 1471 Oratio
385 1397 433 1492 de
449 1397 611 1491 liberata
628 1402 782 1471 Civitate
796 1405 965 1471 Vienna:
986 1426 1069 1497 quie

62 1519 142 1592 duae
154 1519 331 1589 Filiorum
344 1518 501 1588 nomine
513 1519 658 1616 scriptae
672 1534 768 1590 sunt.
781 1559 830 1574 --
842 1519 1070 1592 Medicinam

60 1643 269 1734 practicam
296 1639 491 1706 nonsatis
517 1641 706 1707 aestimari.
733 1641 875 1710 Oratio.
895 1677 941 1692 --
959 1638 1073 1732 Quod

62 1755 225 1826 medicas
241 1754 717 1830 debentessenosramoaz'.
735 1759 877 1826 Oratio.
897 1795 943 1812 --
965 1761 1073 1830 Com*

63 1878 266 1946 montanas
294 1879 332 1942 in
359 1888 430 1944 tres
452 1878 717 1970 inscriptiones
737 1897 883 1968 graecas
909 1880 1068 1968 Smyrna

63 2015 183 2090 anper
194 1989 626 2071 allatas-aromtmm
642 1993 1074 2082 ammateMedtco„

67 2112 314 2182 Tbeoremata
324 2111 752 2212 philosophico-medita
764 2113 812 2183 de
829 2118 911 2184 vita
923 2127 962 2182 et
971 2113 1071 2183 mo'r-
1155 2155 1164 2174 ι

68 2241 108 2298 te.
127 2269 179 2284 -
201 2231 486 2302 Oircnlationem
504 2237 695 2328 sangoinis
714 2257 739 2301 a
755 2233 941 2302 veteribus
950 2235 1073 2330 cogni-

69 2361 143 2418 tam
158 2349 293 2438 fnisse.
320 2352 465 2420 Oratio.
490 2387 539 2404 —-
558 2348 691 2420 Florer
713 2348 907 2422 medicinae
930 2350 1074 2420 tbeore-

66 2472 157 2538 ticee.
179 2505 230 2520 -
247 2470 547 2540 Eaercitationes
557 2467 725 2566 pab'licce
736 2467 784 2538 de
803 2470 1004 2554 Febribns,
1020 2470 1074 2537 vi-

68 2584 206 2657 delicet
217 2609 296 2656 non
309 2587 457 2670 Oratim·
466 2611 581 2683 quam
595 2585 761 2656 indicare
778 2585 898 2656 voluit
910 2584 1074 2682 Papado·

70 2705 197 2803 poloS,
219 2704 282 2775 sed
298 2704 582 2801 praelectionum
605 2702 865 2774 habendarum
886 2705 1075 2799 SynopsiS.

70 2825 119 2894 Ex
145 2822 267 2893 altero
293 2835 428 2892 autem·
444 2822 638 2893 volumine
664 2820 850 2918 preterita
868 2819 947 2892 haec
964 2835 1072 2890 sunt:

74 2941 207 3012 Thesea
216 2938 385 3038 politicae
395 2938 443 3010 de
456 2941 663 3024 Libertate,
678 2953 714 3009 et
727 2941 918 3023 Servitute.
932 2977 982 2990 -
993 2941 1077 3035 Opi-

73 3065 201 3150 niones
216 3057 376 3129 Medicas
391 3057 440 3127 de
460 3058 651 3128 Febribas.
671 3097 720 3112 -
737 3055 831 3126 Idea
854 3059 992 3155 Capitis
1006 3058 1077 3128 tza-

75 3183 187 3247 mani.
211 3179 353 3247 Oratio.
371 3165 564 3260 -Oratio
581 3175 713 3245 habita
735 3180 897 3246 Venetiis
917 3181 955 3244 in
976 3181 1077 3246 Aca-

76 3293 207 3365 demia
219 3292 500 3401 Dodonaea—7
519 3291 650 3362 Floret
665 3292 869 3364 medicinae
887 3299 1078 3392 practica.

78 3451 124 3466 --
139 3417 257 3482 Lirem
286 3433 485 3482 veneream
520 3435 596 3480 noa
623 3405 701 3480 esse
732 3412 901 3480 morbum
933 3435 1080 3482 noram.

82 3531 213 3600 Oratio
225 3569 275 3582 ·-
287 3527 586 3601 Exercitationes
595 3527 760 3624 pablicae
779 3527 827 3598 de
839 3530 976 3600 morbis
984 3553 1083 3625 par-

83 3645 297 3719 ticnlan'bns
306 3646 488 3733 thoracis,
501 3661 538 3715 et
550 3643 771 3716 abdominis.
791 3685 841 3702 -·-
853 3649 1085 3718 Commenta·

86 3769 160 3835 rias
192 3771 230 3834 in
261 3769 456 3860 antiquam
488 3779 773 3834 monumentum·
800 3761 1034 3833 Marcelliano
1065 3787 1086 3834 e

90 3887 234 3955 Gracia
252 3879 563 3980 nuper-allatam.
578 3921 628 3936 -
640 3887 685 3952 Ia
695 3881 878 3954 Febribas
897 3879 1088 3953 medendis

87 4000 351 4098 inspiciendam
366 3974 442 4072 ecre
460 4001 602 4072 lotium.
627 4003 769 4072 Oratio.
791 4037 840 4054 --
854 4001 1090 4071 Commenta·
