2746 4662
327 397 395 498 178
478 421 528 470 nr
553 401 700 468 srnuns
723 417 768 462 rr
792 413 917 466 clusrs
941 415 1152 468 nonnosum

321 536 537 610 cordiorum
554 531 782 628 augustiam,
798 529 965 629 spirandi
984 516 1268 626 difficultatem,
1285 553 1319 610 et

320 653 526 754 superhaec
544 649 788 746 repentinum
806 647 1007 746 quemdam
1028 651 1210 724 insultum
1230 670 1320 727 attu-

319 773 380 860 lit,
398 773 531 868 inquo
551 765 697 838 cerebri
714 765 844 854 simul,
864 782 901 837 et
923 767 1047 840 cordis
1071 767 1208 844 officiis
1237 798 1317 870 pro-

316 887 520 988 pemodum
540 882 817 970 deficientibus,
832 908 935 956 mors
946 885 1086 957 instare
1097 886 1313 963 creditaest.

310 1011 418 1078 Tunc
445 1005 571 1076 senior
593 1003 673 1098 ejus
700 1001 887 1089 medicus,
918 1003 1045 1100 etqui
1069 1002 1228 1079 aderant
1257 1023 1315 1079 aut

312 1125 517 1222 sanguine,
553 1135 618 1193 aut
647 1119 778 1190 intima
810 1117 1057 1206 familiaritate
1091 1124 1311 1219 conjuncti,

311 1242 438 1314 mein
471 1240 669 1311 consilium
703 1261 864 1336 propere
907 1254 1113 1310 accersunt.
1158 1244 1312 1313 Invenio

310 1383 450 1457 aegrum
470 1355 647 1429 nonnihil
664 1357 807 1437 interea
826 1370 1057 1442 recreatum,
1085 1356 1152 1429 sed
1169 1359 1309 1448 animo,

311 1477 453 1549 nedum
473 1499 649 1575 corpore,
662 1472 757 1544 adeo
772 1470 989 1544 dissimilem
1009 1475 1086 1562 sni,
1108 1489 1152 1546 ut
1171 1476 1211 1546 id
1228 1501 1312 1548 cou-

309 1597 418 1668 tinuo
434 1619 495 1665 me
516 1591 735 1692 perculerit,
755 1588 1020 1662 recordantem
1046 1593 1311 1690 Hippocraticae

308 1713 554 1813 praenotionis
570 1709 632 1808 (1)
651 1736 659 1778 :
679 1723 827 1806 proeter
844 1707 1154 1780 consuetudinem
1170 1707 1313 1808 aliquid

296 1833 441 1924 faeere.
462 1884 470 1900 .
489 1883 497 1900 .
517 1826 659 1899 malum
675 1839 738 1896 est.
756 1824 832 1916 Qui
850 1825 952 1895 enim
975 1840 1085 1897 antea
1106 1828 1146 1897 in
1167 1827 1308 1899 difficil-

306 1947 405 2020 limis
427 1944 542 2017 rebus
570 1965 769 2038 nunquam
799 1939 895 2028 sibi,
933 1939 1091 2042 aliisque
1124 1943 1305 2031 defuerat,

305 2089 460 2136 omnem
486 2062 645 2132 omnino
671 2083 775 2156 spem
801 2060 883 2130 vitae
908 2058 1115 2154 abjecisse,
1152 2087 1199 2134 ex
1233 2063 1304 2159 ejus

303 2183 429 2254 verbis
444 2176 720 2274 intelligebam,
738 2174 876 2272 quibus
892 2174 1092 2278 ne'frustra
1110 2203 1223 2277 opem
1242 2177 1304 2253 sibi
1355 2269 1356 2300 1

303 2298 401 2371 ferre
428 2317 654 2368 conaremur
677 2292 875 2383 monebat,
914 2295 1178 2393 praecipiebat,
1203 2321 1304 2396 roga·
1354 2303 1356 2392 p

303 2416 389 2504 bat,
407 2414 522 2512 idque
544 2436 642 2482 ame
661 2411 884 2509 praesertim,
902 2436 1016 2508 quem
1045 2414 1251 2512 singulari,
1272 2425 1302 2484 et
1352 2403 1354 2474 l

303 2533 450 2606 assidua
483 2531 604 2601 fuerat
634 2527 866 2626 benignitate
890 2525 1130 2627 complexus,
1162 2533 1296 2604 interea

302 2651 393 2724 dum
407 2639 606 2746 tangebam
617 2645 954 2743 pulsus,majorem
973 2648 1012 2717 in
1031 2647 1188 2720 modum
1196 2651 1298 2722 etiam

303 2783 415 2864 atque
431 2767 542 2836 etiam
559 2761 720 2861 petebat
748 2767 862 2833 Erant
887 2763 934 2844 ii,
953 2777 996 2834 ut
1017 2779 1098 2835 tum
1122 2779 1159 2836 et
1177 2781 1298 2864 postea

298 2882 488 2981 tangendo
499 2880 1094 2980 cognovimuspessimi,qnippe
1106 2881 1293 2966 imbecilli,

301 3015 443 3098 etpost
466 3001 563 3070 ictus
578 3022 672 3094 saepe
695 2997 807 3085 duos,
831 3020 978 3097 semper
1001 3015 1127 3072 autem
1148 3024 1295 3101 perpau-

302 3142 382 3205 cos,
408 3117 707 3188 intermittentes.
743 3113 981 3188 Manifestum
1004 3133 1099 3205 erat,
1122 3119 1196 3190 nisi
1221 3141 1294 3220 pec*

193 3237 198 3248 '
299 3259 389 3308 cans
407 3233 563 3305 materia
588 3232 635 3304 ad
661 3233 838 3305 articulos
869 3249 1130 3324 revocaretur,
1164 3233 1292 3308 servari

298 3377 378 3424 non
394 3373 513 3448 posse.
531 3352 608 3421 Nec
625 3352 750 3421 minus
771 3366 897 3422 tamen
922 3352 1074 3424 evidens
1103 3369 1185 3425 erat
1207 3349 1295 3426 ditis

297 3468 414 3540 cultas
423 3491 569 3536 summa
588 3465 790 3538 revocandi
805 3469 844 3538 iu
859 3493 900 3540 ea
911 3470 1047 3540 virium
1067 3469 1287 3554 infirmitate,

296 3600 334 3655 et
346 3586 387 3652 in
400 3608 446 3654 eo
466 3584 530 3681 qui
549 3583 675 3653 omnia
692 3585 880 3656 incassum
897 3583 998 3674 fieri,
1020 3611 1091 3684 pro
1110 3604 1214 3663 certo
1235 3588 1287 3658 ba·

326 3955 373 4037 (1)
392 3959 430 4016 lu
441 3975 524 4016 coac.
536 3977 568 4014 n.
587 3977 618 4032 1,
633 3958 714 4035 apud
725 3960 874 4018 Marinell.
