2858 4658
287 377 336 470 48
363 429 364 434 ¹
427 401 474 450 nn
500 391 1100 451 snn1aosaroaus1srronaorou
1207 394 1216 428 ¹

290 497 430 616 agrum
446 542 468 588 a
482 542 542 588 me
562 514 798 614 propositum
815 513 987 604 redeam;
1004 529 1041 588 te
1060 516 1220 614 opinor,
1237 512 1293 588 fa-

290 633 626 720 cilecrediturum,
642 655 730 704 cum
753 645 885 705 caetera
902 657 986 730 qnae
1003 633 1058 704 illi
1074 632 1182 722 dedi,
1207 657 1294 704 om·

291 754 392 824 niaa
412 775 472 822 me
495 749 564 822 tibi
588 749 760 822 consulto
789 763 997 824 memorata
1026 751 1298 850 perpenderiS,

289 861 364 942 illis
372 869 499 968 potius
512 891 626 964 quam
641 867 801 965 viperis,
813 871 901 948 'eam
914 869 1146 942 sanationem
1163 886 1305 968 accepi.

289 1002 367 1059 tam
396 1009 473 1058 esse
493 981 738 1057 referendam.
768 985 928 1077 Quodsi
947 986 1017 1058 tibi
1033 984 1130 1059 forte
1148 985 1296 1058 dubita·-

289 1104 404 1176 tionis
428 1101 637 1201 quidquam
661 1117 794 1192 restat3
823 1103 894 1176 alia
915 1103 1012 1175 mibi
1038 1106 1079 1176 in
1110 1119 1297 1203 promptu

217 1210 219 1216 ¹
291 1235 381 1295 sunt
412 1217 577 1292 felicium
610 1222 845 1295 curationum
884 1221 1056 1320 exempla
1084 1222 1125 1292 in
1153 1221 1296 1319 quibus

291 1353 426 1440 praeter
439 1339 585 1437 viperas
607 1337 704 1409 nihil
720 1352 784 1410 aut
801 1337 906 1428 dedi,
941 1353 1006 1411 aut
1028 1337 1118 1412 dare
1142 1356 1298 1415 coactns

288 1479 385 1546 sum.
398 1460 492 1534 Cum
503 1457 606 1530 enim
625 1456 871 1554 plerumque,
888 1470 930 1528 ut
945 1456 1210 1555 simpliciorem
1219 1479 1299 1532 me‘·

292 1573 455 1646 dicinam
475 1573 602 1671 quoad
618 1597 794 1672 possum,
812 1597 918 1664 amo,
934 1576 1149 1672 viperarum
1164 1575 1300 1650 carues

225 1731 251 1756 -.
293 1691 495 1780 duntaxat,
519 1706 556 1764 et
580 1692 641 1788 jus
671 1690 855 1789 praebeam
891 1692 1088 1788 speciatim
1117 1691 1299 1766 adversus

291 1811 524 1909 pertinacem
544 1807 726 1898 scabiem,
744 1833 858 1906 quam
875 1808 956 1881 aliis
975 1808 1110 1899 irritis,
1127 1809 1209 1882 bac
1237 1835 1300 1882 ra-

292 1929 397 2001 tione
420 1929 472 2001 sic
502 1925 635 2025 abegi,
658 1941 701 1998 ut
729 1925 885 2016 mundi,
913 1925 1101 2026 nitidique
1125 1929 1231 2027 agri,
1258 1941 1300 2003 et
1328 1951 1332 1963 ·

228 2115 230 2122 .
292 2047 514 2146 pinguiores
530 2045 641 2116 etiam
657 2040 809 2132 fierent,
833 2059 912 2115 tum
939 2037 1301 2143 nonnunquam'ao·

294 2163 404 2251 cidit,
423 2178 465 2236 ut
479 2186 539 2234 res
552 2160 647 2232 mihi
661 2177 758 2234 esset
777 2185 865 2233 cum
884 2161 1112 2259 quibusdam
1127 2163 1299 2236 remedia

293 2279 371 2354 iere
389 2281 534 2369 omnia,
550 2279 689 2351 nedum
706 2279 871 2378 viperas,
886 2281 1181 2378 pertinacissime
1198 2305 1303 2354 aver-

294 2397 481 2486 santibus,
497 2396 637 2496 quibus
650 2421 736 2469 cum
744 2397 914 2469 auxiliari
921 2421 1075 2472 necesse
1088 2413 1185 2472 esset
1199 2400 1302 2496 eJ'us-

292 2515 399 2588 modi
424 2515 604 2614 praesidiis
631 2539 714 2613 quae
732 2516 872 2588 sentire
895 2516 983 2614 ipsi,
1006 2530 1044 2588 et
1062 2514 1304 2592 animadver-

294 2650 373 2708 tere
389 2657 627 2732 nequaquam
642 2642 814 2731 possent3
833 2633 971 2730 viperis
984 2634 1024 2706 in
1038 2634 1197 2731 jusculis
1218 2634 1306 2730 qni·

292 2753 366 2826 bus
379 2751 604 2841 utebantur,
622 2752 810 2840 incoctis,
832 2747 1120 2824 salubri'fraude
1137 2739 1315 2854 salutem

294 2871 412 2944 attuli.
441 2874 487 2940 ln
503 2863 550 2942 iis
566 2871 771 2968 praesertim
789 2866 860 2941 fuit
875 2869 1127 2967 amplissimus
1145 2863 1301 2942 senator

292 2993 480 3076 Venetus,
496 2987 604 3084 cujus
622 2969 730 3062 casus
746 2988 786 3057 in
808 2975 999 3086 plerisque
1021 3001 1198 3059 eratcum
1217 3011 1304 3084 pro·
1350 3079 1355 3096 Ι

290 3108 417 3208 posito
436 3103 702 3178 Archidiaconi
715 3127 804 3177 casu
822 3105 878 3202 (ι)
895 3103 1181 3202 comparandus.
1202 3107 1301 3177 Nam·

294 3227 374 3325 ipse
384 3247 537 3322 quoque
554 3245 646 3316 curn,
656 3237 753 3295 esset
766 3245 968 3324 persenex,
984 3221 1110 3294 aestivo
1126 3235 1301 3318 tempore

293 3367 337 3416 ex
352 3339 532 3413 diuturno
545 3342 666 3413 cruris
675 3341 851 3415 abscessu
865 3339 1063 3413 laborabat
1076 3363 1177 3411 anno
1194 3338 1299 3437 1732.

207 3553 209 3560 Ι
291 3458 408 3534 Nullo
430 3473 556 3533 autem
581 3458 834 3530 aliointerno
859 3458 1018 3546 auxilio,
1047 3457 1120 3530 nisi
1149 3479 1195 3544 eo
1220 3479 1300 3553 quo

294 3577 370 3652 dixi
381 3630 391 3667 ,
403 3575 633 3679 consecutus
644 3599 727 3650 sum
738 3628 748 3666 ‚
760 3590 803 3648 ut
817 3573 935 3646 bomo
949 3573 991 3646 id
999 3574 1114 3646 atatis
1124 3595 1192 3672 par
1202 3588 1301 3648 esset
