2700 4660
268 433 340 526 244
413 459 481 508 nn
507 455 653 506 snnmus
677 455 723 504 nr
747 454 871 504 ctusrs
896 455 1105 505 uonnouusr

266 572 452 642 cretiones
469 568 577 665 digiti
595 565 733 651 forma,
758 581 795 638 et
817 566 1078 664 longitudinm
1100 593 1182 642 cum
1195 595 1261 644 cae-

264 684 601 785 teroquinssuidus
618 684 657 752 in
685 683 863 756 omnibus
876 686 987 775 vasis,
1013 701 1051 758 et
1073 691 1262 762 coccineus

253 806 416 901 ,sanguis
436 815 663 874 occurreret.

314 928 346 1009 4.
369 925 419 991 Ut
435 922 473 989 in
488 918 629 990 caeteris
640 971 652 1006 ,
670 917 722 989 sic
742 919 852 990 etiam
869 920 909 990 in
926 919 1071 991 morbis
1086 923 1153 1018 qui
1170 945 1261 993 ave-

262 1063 365 1122 neno
384 1037 500 1124 liunt,
522 1061 647 1134 neque
670 1037 798 1134 signa,
828 1061 952 1134 neque
977 1034 1110 1110 effecta
1138 1037 1261 1110 eadem

262 1157 420 1228 omnino
449 1155 488 1224 in
520 1151 698 1224 omnibus
726 1169 814 1226 sunt
844 1153 1085 1251 expectanda.
1110 1155 1202 1226 ,Atiae
1224 1156 1260 1225 in

259 1275 340 1346 aliis
358 1271 583 1370 corporibus
611 1285 691 1341 tum
713 1269 932 1360 fluidarum,
960 1287 1041 1344 tum
1070 1270 1259 1344 firmarum

260 1391 421 1490 partium
440 1409 524 1485 quae
536 1387 584 1458 ad
597 1388 850 1460 ventriculum
870 1389 1073 1486 praesertim
1090 1391 1261 1476 attinent,

260 1505 568 1592 constitutiones,
588 1505 745 1601 ejusque
776 1517 954 1602 praeterea
983 1506 1169 1596 inanitas,
1199 1519 1259 1578 aut

247 1622 459 1722 'plenitudo
470 1621 643 1718 ,haecque
661 1619 708 1692 ab
723 1623 853 1711 unius,
872 1635 937 1694 aut
956 1620 1107 1694 alterius
1118 1623 1259 1720 generis

257 1741 464 1827 alimentis,
487 1737 609 1812 facere
633 1739 813 1812 nimirum
832 1754 1011 1837 possunt,
1035 1753 1078 1812 ut
1096 1763 1258 1829 tenena,

258 1859 403 1930 etiamsi
426 1856 578 1946 eadem,
599 1855 811 1954 eodemque
833 1855 1003 1954 pondere
1025 1881 1157 1929 revera
1187 1861 1256 1931 sint
1342 1906 1343 1947 1

256 1974 407 2074 (eadem
432 1976 534 2047 enlm
559 1987 719 2072 possunt
746 1997 825 2045 esse
851 1974 1030 2064 nomine,
1059 1973 1126 2046 sed
1157 1975 1257 2046 aliter

256 2091 476 2192 praeparata)
493 2115 573 2162 non
595 2090 726 2170 iisdem
746 2105 872 2162 tamen
891 2091 1023 2189 signis,
1052 2088 1257 2164 effectibus·
1342 2171 1343 2178 χ

257 2237 334 2308 que
357 2235 395 2284 se
415 2209 589 2312 prodant.
612 2207 855 2296 Arsenicum,
871 2231 947 2304 qua
965 2230 1058 2280 voce
1072 2209 1167 2281 illud
1193 2233 1257 2308 po·
1314 2223 1316 2229 ’
1342 2272 1343 2277 ,

256 2329 442 2412 tissimum
459 2326 679 2424 intelligitur
696 2324 802 2422 quod
818 2324 947 2396 album
965 2339 1035 2414 est,
1062 2340 1102 2398 et
1115 2326 1258 2426 crystal·
1342 2375 1343 2378 ,

257 2446 326 2518 lini
362 2443 541 2542 adjuncto
570 2466 831 2541 saepenumero
864 2440 1101 2540 designatur,
1135 2445 1255 2542 ipsum
1342 2491 1343 2498 κ

257 2587 433 2662 quoque,
457 2560 594 2634 diserte
623 2557 1259 2637 confirmantibus,doctissimis'vt-

255 2683 308 2764 ris
326 2680 476 2751 Meadro
493 2677 567 2774 (1),
586 2693 623 2748 et
641 2676 870 2749 Boerhaavio
891 2675 967 2774 (α),
986 2673 1169 2750 factitium
1188 2693 1239 2750 est
1246 2703 1255 2766 ;

256 2799 383 2894 itaque
392 2797 499 2874 aliter
511 2796 558 2868 ab
577 2795 658 2866 aliis
671 2809 796 2893 potest
810 2817 889 2866 esse
906 2809 1095 2892 paratum,
1113 2811 1157 2867 ut
1175 2817 1257 2870 eum
1340 2815 1341 2818 ’

256 2914 358 3012 apud
380 2914 567 2986 Meadium
592 2912 712 3010 legas,
730 2925 854 2984 totum
874 2935 970 3009 aqua
986 2909 1106 2999 solvi,
1137 2913 1256 3012 legere
1340 2979 1341 2982 ,

255 3031 359 3130 apud
371 3032 463 3103 alios
481 3031 618 3128 possit,
643 3055 722 3102 non
742 3028 858 3104 modo
874 3030 955 3126 ejus
973 3030 1199 3127 particulas,
1218 3041 1256 3103 ut

256 3149 297 3219 in
316 3147 511 3245 proposita
543 3146 725 3234 muliere,
749 3148 797 3238 in
811 3147 1022 3226 ventriculo
1048 3143 1163 3218 fuisse
1184 3146 1256 3218 uni·

255 3264 483 3350 inadversos,
507 3263 704 3338 sedetiam
728 3261 816 3334 inde
835 3261 948 3336 fuisse
973 3262 1142 3360 agnitum
1160 3287 1256 3336 arse·

252 3383 406 3473 uicum,
438 3380 542 3477 quod
563 3381 633 3456 sub
661 3405 759 3477 aqua
780 3379 900 3452 calida
930 3380 1152 3452 restitissent
1181 3381 1255 3478 ejus
1342 3379 1343 3386 ’

254 3495 415 3570 frustula
431 3499 549 3570 instar
562 3498 747 3571 alborum·
759 3497 991 3594 lapillorum,
1006 3511 1052 3568 ut·
1069 3498 1108 3569 in
1122 3498 1187 3570 illa
1203 3499 1256 3568 ha·
1340 3509 1343 3594 l

254 3595 323 3690 lies
341 3613 505 3714 Wepleri
523 3615 695 3702 historia,
715 3639 799 3713 quae
820 3616 919 3686 inter
938 3613 1194 3688 additamenta
1212 3611 1253 3686 ad
1341 3615 1342 3624 ’

252 3755 682 3820 ...-.....-.-.;-
736 3741 739 3748 ’
1140 3733 1144 3742 ’

273 3924 277 3932 Δ
295 3897 340 3976 (1)
357 3901 467 3973 Expos.
483 3893 619 3954 mechan.
632 3917 775 3954 venenor.
790 3909 864 3955 tent.
880 3905 908 3965 4.

294 3997 339 4079 (a)
351 3993 635 4071 elementem„
650 4007 721 4055 tom.
736 4017 768 4073 α,
783 4018 815 4076 p.
829 4015 866 4071 r,
883 3998 937 4056 ubi
947 3999 985 4057 tle
995 3999 1094 4078 sulph.
