2824 4652
77 477 988 534 mr.v.neruorumsinme.suru‘rreamrrsr.rxvr.
1013 460 1119 535 583''

80 617 152 690 per
163 591 248 665 illos
263 593 419 665 eosdem
442 593 521 666 dies
542 597 780 666 occasionem
799 593 974 676 incidisse
994 601 1087 672 vesi-

83 734 166 780 cam
196 713 343 782 tertiam
365 711 613 787 examinandi.
647 715 778 809 Ita'que
810 716 921 811 petii,
942 730 988 786 ut
1007 719 1096 812 ejus·

82 828 156 897 viri
175 829 284 924 cujus
304 828 352 898 ad
365 844 401 900 te
425 829 620 900 historiam
648 830 781 926 scripsi
806 847 972 904 extrema
991 835 1090 930 epis-

83 946 163 1016 tola
179 949 306 1018 LXIV
331 945 386 1042 (r)
412 971 492 1018 non
520 946 639 1022 solum
669 947 835 1020 thoracis
866 950 1027 1038 viscera,
1051 955 1091 1020 in

85 1061 227 1160 quibus
244 1062 368 1134 morbi
382 1079 460 1136 erat
479 1063 606 1152 sedes,
623 1079 756 1135 verum
775 1067 887 1138 etiarn
904 1068 1021 1138 uriuae
1038 1070 1093 1138 in-

86 1181 285 1251 servientia
300 1205 442 1278 organa
459 1179 508 1252 ad
525 1205 585 1250 me
607 1179 844 1252 afferrentur.
867 1187 960 1254 Cum
978 1185 1092 1282 igitur

84 1299 230 1387 vesica,
241 1313 278 1370 et
292 1298 448 1370 urethra
466 1314 604 1396 aperte
617 1301 711 1370 satis
725 1299 820 1370 mihi
833 1299 978 1372 idoneae
989 1301 1101 1395 vide-'s

87 1430 237 1501 rentur,
255 1416 295 1486 in
325 1418 466 1512 quibus
496 1417 793 1514 prominentiam
815 1419 923 1490 istam
949 1429 1091 1494 attente

87 1531 399 1629 quaererem,fcci
411 1532 450 1604 id
467 1532 638 1630 quidem3
657 1531 721 1604 sed
732 1513 973 1625 frtretrafe'cm
984 1539 1091 1610 nulla

87 1651 190 1722 enim
204 1672 361 1747 prorsus
373 1665 522 1749 reperta
543 1665 607 1722 est.
624 1651 724 1740 Quin
739 1652 872 1738 etiam,
889 1671 974 1724 cum
991 1655 1093 1728 (lees-
1195 1669 1200 1726 ἓ

87 1784 188 1858 sent,
205 1769 379 1842 absoluta
409 1787 605 1857 anatome,
634 1771 802 1842 humana
825 1771 1024 1860 cadavera3
1048 1777 1091 1848 in
1197 1799 1201 1809 ·

88 1911 182 1960 cane
196 1911 276 1958 non
294 1912 411 1986 parvo
430 1890 622 1996 inquirere
638 1889 787 1986 placuit.
808 1892 975 1963 Huncin
994 1917 1093 1990 gym·
1196 1903 1199 1972 ζ

86 2006 543 2102 nasio,moremajorum,
563 2007 751 2097 viventem
775 2009 892 2078 secari
906 2008 1093 2104 jusseram

69 2132 176 2193 *cum
198 2122 248 2194 ob
270 2124 362 2213 alia,
393 2141 474 2196 tum
502 2125 658 2221 insuper
687 2139 729 2194 ut
754 2139 971 2222 appareret,
997 2148 1092 2196 num

65 2241 188 2312 inter
208 2241 477 2338 pericardium,
496 2257 533 2314 et
553 2263 619 2311 cor
638 2243 713 2315 sive
734 2230 911 2338 inhujus
932 2245 1087 2339 systole,

84 2359 163 2428 sive
182 2360 222 2427 io
235 2357 391 2459 diastole
408 2359 650 2430 interstitium
670 2357 908 2455 relinquatur
921 2361 1088 2448 nullum,

82 2491 128 2546 ut
147 2501 226 2546 non
244 2477 295 2548 ita
307 2476 458 2576 pridem
478 2477 662 2573 legeram,
686 2473 751 2546 sed
773 2476 1025 2572 pericardium
1047 2480 1089 2553 in

82 2591 313 2676 viventibus,
331 2595 504 2690 sanisque
526 2617 674 2691 semper
696 2591 883 2689 quidquid
898 2597 1087 2686 continet,

84 2721 213 2778 exacte
232 2707 326 2780 adeo
355 2710 647 2806 complectatur,
675 2709 771 2778 nihil
795 2723 836 2780 ut
859 2712 966 2784 ,vacui
989 2713 1089 2784 intre

79 2825 164 2920 ejus
178 2847 313 2897 cavum
333 2827 504 2924 supersit.
524 2829 580 2932 -JJt
597 2829 700 2898 euim
724 2825 854 2914 obvia,
868 2829 919 2898 ita
937 2827 1086 2903 dubita-

78 2928 251 3014 tionibus
272 2945 397 3015 minus
409 2941 573 3016 obnoxia
591 2969 635 3014 ea
655 2942 747 3014 mihi
760 2945 854 3015 ratio
869 2943 916 3014 ad
940 2945 979 3016 id
1001 2971 1087 3046 cog-

79 3059 318 3132 noscendum
335 3061 413 3132 visa
431 3077 507 3150 est,
526 3062 557 3134 si
574 3062 677 3132 canis
698 3061 854 3136 thorace
880 3064 932 3134 sic
951 3051 1083 3162 aperto

81 3193 125 3249 ut
139 3179 377 3277 sanguisnon
385 3178 528 3250 multus
545 3177 825 3276 effunderetur,
840 3181 979 3268 statim,
992 3182 1084 3256 dum

83 3319 151 3374 cor
169 3295 293 3368 adhuc
317 3309 404 3370 suos
419 3295 540 3368 valide
559 3311 708 3368 exercet
727 3311 871 3385 motus,
896 3303 1086 3396 experire·
1122 3323 1123 3328 ’

81 3435 170 3482 mur
194 3436 242 3484 an
260 3412 475 3512 pericardii,
500 3413 665 3488 necdum
695 3414 827 3499 incisi,
864 3415 1086 3488 membrana
1141 3423 1143 3428 ’

83 3555 152 3602 cor
164 3545 264 3603 arcte
282 3530 376 3604 adeo
395 3533 662 3630 contingeret,
683 3546 727 3602 ut
747 3531 854 3604 nullo
872 3531 1003 3618 modo,
1023 3547 1088 3605 aut

84 3663 186 3720 certe
205 3673 284 3720 non
303 3647 409 3720 facile
432 3650 532 3720 inter
553 3649 649 3721 duos
669 3649 807 3758 digitos
832 3635 1085 3747 apprehendi,

125 4021 170 4100 (ι)
189 4025 227 4081 N·
252 4043 298 4102 19·
337 4043 338 4048 ‘
