2746 4662
86 381 156 430 ma.
169 384 222 432 iv.
238 373 852 449 nauoanrs·ca1nnne.‚etenr1sr.
864 383 952 440 nvn.
985 359 1055 457 169

46 496 183 570 victum
194 554 205 586 ‚
217 498 462 596 quantumvis
472 497 614 584 lenem,
631 497 840 596 mitemque
852 496 1054 585 redierint,

45 614 282 690 arthritidem
302 617 462 702 reverti,
486 616 677 712 longeque
706 615 830 712 pejus,
852 639 967 712 quam
986 638 1056 684 an·-

44 744 116 818 tea‚
130 758 272 806 vexare
284 787 294 820 ‚
319 747 383 804 aut
406 732 487 828 ejus
508 732 594 804 loco
622 733 794 804 internos
816 733 1055 828 gravissimos

48 848 132 918 oriri
152 849 332 936 morbOS,
354 872 450 945 quos
473 871 577 920 mors
595 846 698 920 haud
719 847 841 920 multo
856 862 942 946 post
962 870 1055 916 con·

51 981 242 1060 sequatur.
283 971 554 1038 Verumtamen
582 989 706 1063 neque
733 990 847 1038 omne
874 964 950 1052 lac,
971 985 1058 1035 nec

49 1106 289 1180 quacumque
320 1084 464 1157 ratione
490 1097 699 1180 sumptum,
721 1081 799 1154 haee
821 1096 907 1180 post
933 1105 972 1156 sc
995 1105 1055 1152 re·
1128 1143 1131 1152 .

48 1197 189 1294 linquat
218 1199 463 1272 incommoda
485 1223 638 1278 necesse
661 1215 737 1287 est,
761 1214 803 1270 ut
837 1214 929 1296 puta
959 1198 990 1269 si
1010 1197 1055 1270 iis

53 1317 184 1411 quibus
205 1319 427 1406 conveniat,
439 1341 519 1388 non
544 1317 667 1415 ipsum
686 1316 823 1404 modo,
847 1315 912 1394 sed
930 1330 967 1388 et
981 1313 1057 1388 cibi

54 1431 107 1502 alii
121 1435 287 1532 congrui
302 1433 477 1531 quidem,
494 1459 566 1506 nec
591 1459 698 1531 aequo
718 1433 846 1532 plures
864 1431 966 1504 haud
989 1432 1054 1502 ali-

52 1560 102 1618 ter
117 1575 159 1620 ac
183 1577 285 1648 saepe
301 1550 381 1622 aliis
405 1550 443 1621 in
464 1550 608 1624 morbis
626 1550 687 1638 fit,
717 1550 852 1628 eodem
882 1565 1056 1648 tempore

56 1667 299 1760 praebeantur.
320 1671 431 1738 Certe
451 1694 496 1742 ex
515 1667 843 1742 observationibus
864 1691 958 1765 quas
982 1669 1057 1738 Da·

56 1784 121 1853 niel
131 1787 352 1873 Puerarius,
372 1787 528 1884 opinor,
542 1786 732 1858 Thesauro
750 1783 895 1856 addidit
903 1784 1056 1854 Thomae

60 1902 207 1974 Burneti
227 1901 392 1999 (1),una
421 1918 476 1975 est
506 1903 636 1976 excell.
656 1903 829 1988 ComitiS‚
856 1903 943 1998 qui,
968 1925 1058 1972 cum

61 2020 287 2092 ventriculus
310 2021 531 2094 ulteriorem
552 2020 656 2091 lactis
682 2044 793 2092 usum
817 2043 897 2090 non
926 2015 1059 2106 ferret,

63 2135 237 2228 pultaeeis
267 2139 347 2236 ipse
374 2161 548 2226 vescens,
577 2163 663 2208 cum
692 2135 871 2210 saccharo
901 2152 938 2208 et
964 2136 1059 2208 lacte

66 2256 210 2346 paratis,
233 2269 269 2326 et
291 2254 506 2353 gallinaceis
520 2254 652 2352 pullis,
675 2279 773 2354 pane
799 2255 895 2326 lacte
912 2253 1060 2336 imbuto

66 2373 228 2460 nutritis,
257 2373 513 2470 paulatimque
543 2371 590 2444 ad
611 2373 813 2470 pristinum
831 2369 982 2444 ¹'victum
1001 2396 1061 2442 re·

69 2508 207 2578 versus,
233 2489 438 2562 levtorihus
462 2504 631 2576 tantuin,
668 2504 705 2560 et
735 2486 841 2562 facile
867 2486 1062 2586 abigendis

72 2607 306 2680 articulorum
323 2605 536 2694 doloribus,
549 2631 628 2678 non
650 2606 782 2705 primis
803 2606 897 2692 illis,
915 2603 1064 2678 vivebat

74 2720 260 2798 obnoxius.
287 2715 507 2796 atilanum
532 2748 610 2794 non
635 2728 754 2821 pauci
771 2721 956 2792 arthritici
976 2745 1063 2792 cum

74 2834 259 2914 biennium
276 2843 423 2914 circiter
446 2841 503 2912 lac
526 2841 791 2940 sumpsissent,
808 2843 1065 2936 innoxiepos·

75 2968 125 3028 tea
141 2951 251 3050 vino,
281 2961 690 3057 compotationibusque
716 2955 1066 3030 indulseruntaHaec

76 3069 137 3146 ille.
162 3075 359 3150 Cornelius
381 3091 506 3148 autem
523 3076 652 3148 Celsus
678 3073 733 3172 (a)
759 3074 849 3146 olim
877 3074 1066 3146 memoriae

80 3185 280 3266 litterarum
301 3193 512 3282 mandavit,
526 3193 742 3264 arthriticos
764 3189 965 3290 quosdam,
986 3215 1069 3262 eum

82 3317 218 3384 asinino
246 3311 344 3384 lacte
351 3327 451 3410 poto
465 3337 514 3382 ear
528 3327 606 3384 toto
618 3335 657 3381 se
678 3309 869 3396 eluissent,
887 3314 925 3377 in
929 3333 1071 3406 perpe-

83 3437 172 3501 tuum
193 3431 266 3503 Izoc
287 3429 428 3501 malum
454 3435 616 3501 evasisse.
647 3425 966 3522 Confirmavitque
999 3424 1071 3495 Pli-

83 3653 1073 3682 W*

119 3820 156 3902 (ι)
175 3825 264 3883 Thes.
281 3823 359 3880 med.
373 3833 469 3898 praet·
480 3823 501 3878 l.
519 3842 554 3897 1,
568 3843 590 3882 s.
605 3825 642 3892 lo
655 3821 687 3878 in
703 3819 755 3880 fin.

119 3920 159 4002 (a)
178 3926 224 4015 De
236 3922 344 3984 medic.
359 3923 380 3981 1.
395 3927 434 3997 4,
448 3941 475 3982 c.
489 3927 537 3990 ²4·
