2782 4652
20 453 53 482 ’ἱ

272 397 343 490 408
426 417 474 472 nn
499 417 646 472 caninus
669 415 713 470 ur
738 414 863 470 causis
887 419 1096 476 marcaon

196 604 201 622 ,
267 536 449 633 utrinque
467 532 556 624 fuit,
582 533 804 633 asanguine
828 535 869 607 in
894 549 1100 636 utrumque
1123 539 1255 640 cerebri

270 647 464 728 lateralem
486 649 738 760 ventriculum
771 648 890 726 effuso
920 669 1017 728 esset
1045 647 1259 753 repetenda?

269 774 412 860 Verum
427 767 710 867 deutraqueilla
719 769 1265 874 questionedilucidiusagendi

270 888 361 978 alia,
380 911 459 985 que
478 885 526 959 ad
546 901 584 958 tc
606 885 810 974 scribetur,
834 901 964 963 nostra
987 885 1201 970 observatio
1218 889 1264 986 (1)

266 1006 508 1093 occasiomm
531 1001 721 1102 praehebit.
738 1004 849 1078 Nunc
863 1029 954 1077 vero
973 1029 1021 1078 ne
1036 1003 1134 1080 forre
1153 1008 1262 1106 suspi-
1286 1099 1289 1113 Ι

271 1123 367 1196 ceris
390 1120 633 1218 sanguineam
660 1119 782 1208 illam,
810 1147 892 1219 quc
922 1119 1118 1196 celerrime
1145 1139 1265 1212 necat,

276 1237 513 1338 apoplexiam
529 1239 610 1310 sine
635 1237 870 1336 disruptione
885 1221 1061 1312 vasorum
1085 1261 1167 1314 csse
1196 1265 1265 1312 non

274 1379 408 1456 posse;
427 1353 551 1428 tribus
574 1377 658 1454 quae
681 1379 766 1427 cum
786 1354 856 1428 bac
876 1355 1112 1458 disruptione
1133 1381 1266 1459 propo·

274 1475 350 1548 sitae
372 1487 480 1562 sunt,
497 1473 654 1544 totidem
676 1489 759 1570 quae
781 1473 862 1546 sine
890 1471 954 1546 illa
972 1488 1036 1546 aut
1060 1473 1268 1565 celerrime,

271 1605 336 1662 aut
354 1592 440 1662 satis
458 1591 533 1667 cito
555 1605 756 1681 necarunt,
777 1589 951 1689 protinus
969 1589 1224 1688 subjiciemus.

322 1707 354 1802 3.-
384 1709 469 1798 Vir,
501 1722 544 1780 ut
572 1705 790 1802 videbatur,
824 1707 1162 1808 quadragenarius,
1189 1733 1269 1781 cunr

270 1851 374 1900 anno
400 1823 491 1924 1756
507 1839 595 1900 ante
617 1825 778 1922 januarii
796 1823 912 1900 finem
930 1825 1152 1899 Mediolano
1171 1824 1271 1923 pedi·

271 1943 345 2020 bus
363 1944 554 2023 Patavium
568 1944 751 2032 venisset,
768 1941 886 2017 lassus
904 1942 1022 2030 adeo,
1047 1957 1095 2015 ut
1103 1967 1194 2035 mox
1206 1967 1272 2014 no-
1297 1917 1302 1939 ⁸
1371 1945 1372 1948 ’

208 2094 212 2101 ·
272 2061 482 2134 socomium
501 2074 662 2159 peteret,
676 2061 716 2130 in
729 2059 833 2158 quod
849 2058 899 2132 ob
908 2059 1168 2141 lassitudinem
1180 2085 1272 2150 ,non

274 2176 324 2248 ob
345 2173 487 2249 febrem
510 2176 647 2265 ullam,
671 2185 850 2274 exceptus
878 2191 953 2264 est,
978 2175 1070 2248 dum
1098 2174 1153 2247 ibi
1176 2191 1274 2249 extra

275 2295 415 2368 lectum
429 2292 575 2382 adbuc,
590 2293 725 2371 sedens
739 2291 865 2368 cibum
885 2307 1057 2393 caperet,
1072 2291 1164 2366 forti
1189 2315 1275 2393 apo-

274 2411 398 2510 plexia
418 2427 574 2511 repente
591 2412 807 2510 perculsus,
824 2415 911 2487 sine
929 2411 1008 2484 ullo
1025 2412 1171 2484 externi
1199 2435 1276 2482 mo·

274 2519 340 2602 tus
363 2543 400 2602 et
425 2526 974 2630 sensusiudiciotnooentibus
994 2530 1137 2626 potius,
1160 2553 1277 2627 quan·

273 2661 354 2719 tum
387 2649 510 2719 visum
535 2661 609 2736 est,
642 2671 756 2745 quam
775 2644 1065 2746 ¹opitulantibus
1095 2671 1276 2719 venarum

275 2763 525 2852 sectionibus,
538 2766 636 2838 iutra
654 2762 813 2838 biduum
825 2765 951 2836 vivere
962 2761 1085 2834 desiit.
1112 2763 1278 2838 Cadaver

273 2879 388 2954 nobis
408 2880 456 2953 ad
470 2880 772 2980 persequendam
794 2878 985 2980 publicam
1003 2893 1209 2954 anutomcn
1222 2881 1278 2957 da·

274 3012 358 3070 tum
375 3012 440 3070 est.
461 2997 575 3090 Quod
596 2998 688 3072 dum
717 2994 948 3084 laceremus,
967 3011 1173 3096 antequam
1192 3024 1278 3098 ape-

276 3114 418 3188 riendae
448 3116 614 3187 calvariae
638 3130 795 3213 ternpus
817 3114 1031 3204 adveniret,
1055 3113 1135 3186 haec
1162 3141 1279 3215 pauca

279 3229 551 3308 adnotavimus.
576 3235 620 3304 In
636 3247 768 3304 ventre
782 3228 894 3309 fellea
918 3228 1079 3303 vesicula
1104 3229 1182 3304 bile
1199 3248 1279 3306 tur·

279 3347 400 3449 gebat.
418 3352 463 3420 In
484 3347 661 3438 thorace,
682 3347 803 3450 figura
820 3348 965 3437 cordis,
984 3349 1141 3446 qualem¹
1155 3350 1197 3424 in
1213 3350 1280 3424 ho·

278 3466 382 3539 mine
403 3465 492 3540 alias
515 3465 650 3540 vidisse
674 3491 752 3540 non
766 3523 767 3530 κ
782 3466 954 3555 memini,
973 3463 1160 3538 referebat
1178 3467 1277 3541 illam

278 3608 394 3683 quam
415 3583 529 3658 ¹rudes
550 3586 712 3684 pictores
737 3583 847 3659 nobis
865 3580 1066 3682 effingunt,
1079 3586 1188 3683 quasi
1203 3610 1276 3660 cor

315 3937 360 4028 (ι)
380 3947 478 4026 Epist.
493 3945 529 4004 62
539 3986 549 4018 ,
565 3965 597 4004 u.
612 3940 661 4006 ιδ.
