2858 4658
282 398 330 483 la
439 419 486 468 nr
512 417 657 469 sarnus
681 419 726 466 ar
751 417 876 468 eausrs
899 414 1110 469 momorum

281 547 436 622 verant3
457 549 582 606 tamen
609 548 652 604 ut
674 532 775 605 bona
797 532 876 606 haec
894 555 1071 633 augerem
1088 547 1125 605 et
1145 531 1284 606 confir·

281 673 424 722 marem
433 675 549 746 ,aegro
564 649 665 721 ultro
672 665 826 748 optante
836 677 931 740 ,non
943 651 1059 724 modo
1072 665 1285 748 annuente,

280 766 608 865 decempraeterea
623 767 702 840 dies
715 769 845 841 eadem
859 795 943 844 sum
963 769 1122 842 curandi
1136 769 1285 842 ratione

279 909 378 958 usus.
406 889 491 976 Quo
515 900 686 984 tempore
716 902 863 978 exacto,
894 889 925 962 is
947 891 1013 987 qui
1039 889 1087 962 ab
1113 905 1284 965 extremo

281 1003 391 1101 aprili
426 1001 473 1074 ad
502 1003 671 1075 medium
696 1007 846 1079 circiter
879 1031 1001 1105 usque
1029 1008 1283 1106 septembrem

283 1121 536 1210 decubuerat,
559 1146 711 1221 surgere
739 1125 868 1222 coepit,
897 1139 935 1197 et
964 1126 1081 1223 magis
1103 1125 1287 1224 deinceps

282 1238 477 1336 magisque
495 1239 535 1308 in
553 1239 632 1310 dies
656 1240 937 1331 convalescens,
959 1267 1039 1313 non
1057 1241 1173 1313 modo
1191 1245 1286 1340 pris·
1364 1267 1368 1276 ’

283 1357 404 1428 tinum
422 1359 658 1455 recuperavit
686 1359 855 1457 corporis
870 1359 1064 1448 habitum;
1095 1359 1161 1432 sed
1188 1359 1284 1431 illud

282 1477 406 1574 ipsum
419 1475 616 1547 crusunde
631 1476 762 1547 tandiu
777 1489 879 1549 tanta
893 1479 999 1575 puris
1013 1479 1286 1576 copia,totque

185 1639 190 1652 ·
282 1615 368 1665 cum
397 1591 467 1664 hac
489 1592 594 1665 'alba
621 1593 929 1694 membranarum
967 1579 1132 1693 oblonga
1164 1593 1284 1666 frusta

283 1711 466 1800 exierant,
483 1709 579 1783 nihil
602 1711 809 1809 quidquam
827 1705 1058 1801 nutritione,
1081 1727 1118 1786 et
1138 1710 1285 1783 viribus

282 1826 330 1900 ab
348 1826 465 1900 altero
486 1828 701 1926 discrepans
732 1828 827 1898 mihi
859 1829 1040 1918 ostendit,
1069 1853 1156 1900 cum
1184 1826 1285 1900 forte
1325 1894 1329 1906 .

180 2005 183 2010 .
282 1945 437 2018 obvium
463 1945 643 2017 haberem
661 1945 854 2016 decembri
874 1947 1053 2047 ineunte:
1073 1962 1283 2045 posteaque

282 2064 483 2158 incolumis
502 2065 592 2135 vixit
618 2087 738 2134 annos
761 2064 921 2162 aliquot,
950 2063 1097 2156 donec,
1122 2065 1282 2160 mejam

281 2184 419 2252 Patavii
466 2180 646 2280 degente,
691 2197 856 2255 extrema
900 2195 1092 2256 senectute
1136 2180 1284 2255 conlec-

278 2314 339 2372 tus
356 2315 422 2372 est.
961 2287 964 2295 ’

335 2417 449 2491 15.Ut
465 2417 544 2491 fuse
566 2417 664 2489 hano
678 2417 746 2490 tibi
763 2419 995 2490 curationem
1010 2415 1285 2507 describerem,

283 2561 363 2606 non
378 2560 453 2606 una
468 2560 528 2606 me
547 2535 695 2633 impulit
712 2557 830 2606 eausa.
846 2535 918 2606 Alii
937 2535 1037 2608 enim
1051 2524 1139 2608 sunt
1155 2533 1222 2631 qui
1239 2559 1283 2605 ea

280 2652 420 2751 viperis
439 2651 607 2723 tribuant
623 2675 705 2749 quae
719 2677 798 2722 non
813 2650 970 2731 habent,
994 2665 1037 2723 ut
1049 2651 1126 2722 rim
1148 2649 1246 2722 calef
1264 2691 1284 2708 -

262 2752 268 2762 ⁸
281 2769 406 2868 ciendi
420 2785 457 2840 et
473 2768 638 2841 siccandi
658 2783 824 2856 tantam,
849 2783 893 2839 ut
908 2768 1007 2839 sitim
1031 2766 1168 2841 faciant
1182 2770 1286 2838 inex·

281 2885 541 2985 tinguibilem,
561 2903 598 2961 et
622 2910 762 2985 paucos
786 2885 851 2985 qui
874 2885 1028 2959 senibus
1054 2897 1282 2985 supersunt,

204 3043 206 3046 ·
282 3005 434 3102 spiritus
468 3005 677 3104 dissipent:
707 3017 939 3102 quapropter
969 3003 1166 3102 prohiberi
1190 3027 1284 3076 ase·

281 3124 349 3194 nili
367 3139 470 3196 aetate
490 3121 718 3194 admonebat
736 3121 941 3194 Claudinus
958 3122 1030 3219 (r),
1055 3135 1283 3219 et'tempore

280 3242 485 3340 presertim
504 3239 647 3327 aestivo,
670 3254 707 3310 et
734 3241 889 3339 regione
919 3239 1049 3312 calida.
1070 3238 1210 3311 Redius
1224 3237 1285 3336 (a)

281 3357 437 3458 quidem
453 3357 513 3430 vel
528 3357 650 3428 multo
666 3356 818 3456 largiori
826 3358 1040 3457 viperarum
1049 3381 1118 3428 usu
1135 3355 1281 3430 nullam

279 3501 359 3551 esse
380 3489 522 3547 motam
548 3473 647 3545 sitim
667 3475 707 3544 in
733 3499 843 3565 sene,
857 3475 1130 3572 juvenibusre‚
1149 3499 1281 3573 quam·

282 3682 1282 3716 Μ

318 3849 362 3931 (r)
382 3847 519 3924 Append.
532 3847 570 3910 ad
583 3849 732 3906 Tract.=de
745 3847 871 3927 ingress.
881 3848 920 3907 ad
930 3845 1042 3906 infirm.
1053 3857 1125 3906 sect.
1138 3845 1170 3905 6.

317 3949 362 4029 (a)
383 3952 535 4009 Oaservar.
547 3947 603 4006 lut.
619 3949 677 4006 alla
688 3947 803 4025 vipera.
879 3947 881 3951 ’
