2746 4662
306 442 373 520 152
469 471 516 518 or
542 467 687 518 srnmos
711 467 756 515 rr
780 465 903 516 causis
928 463 1137 516 nonroanrr

300 695 1291 727 mmmmm-mmmmm

369 899 601 978 EPISTOLA
624 901 1124 978 ANATOMmo-rtnotca
1147 900 1257 977 LVII.

348 1137 476 1206 Sanno
502 1151 557 1208 est
574 1133 621 1208 de
641 1135 870 1226 Atlantide,
907 1137 1067 1236 aliisque
1089 1138 1256 1208 Artuum

687 1251 892 1326 doloribus.
1010 1315 1020 1340 ,
1341 1303 1343 1396 p

250 1593 252 1600 .
302 1455 446 1630 Quor)
465 1524 511 1598 de
531 1527 690 1625 supino,
709 1529 827 1599 autin
848 1526 963 1598 latera
983 1525 1166 1625 impedito
1185 1523 1295 1596 decu·
1344 1528 1345 1606 i

299 1643 383 1716 bitu
401 1642 472 1714 hac
496 1643 653 1742 epistola
677 1669 757 1714 non
788 1669 916 1742 agam,
947 1667 1154 1741 perpaucas
1175 1657 1296 1726 autem
1345 1640 1346 1710 i

300 1761 580 1834 observationes
608 1760 797 1860 proferam
815 1761 861 1832 ad
880 1760 1124 1833 Arthritidem
1143 1761 1296 1832 attinen·
1346 1750 1347 1800 ³

299 1895 373 1970 tes,
390 1879 516 1951 minus
535 1893 572 1950 te
590 1881 811 1951 miraturum
831 1903 964 1978 spem,
984 1877 1050 1949 ubi
1065 1873 1297 1975 Sepulchreti
1347 1863 1348 1882 ¹

300 1998 489 2096 proximas
504 1998 688 2068 sectiones
698 1990 790 2068 duis
802 2051 811 2085 ‚
824 1997 1110 2094 remqueipsam
1128 1991 1297 2066 conside·

299 2116 448 2186 raveris.
467 2111 560 2184 Nam
577 2113 683 2214 quod
702 2114 845 2211 supini,
871 2129 936 2186 aut
960 2114 999 2183 in
1024 2113 1137 2184 latere
1162 2110 1296 2182 cubare

218 2217 220 2224 ¹
300 2231 474 2302 homines
494 2255 573 2300 non
602 2245 759 2326 queant,
783 2255 803 2299 a
824 2229 967 2304 morbis
981 2227 1057 2300 fere
1079 2243 1134 2300 est
1152 2229 1200 2300 de
1222 2227 1298 2326 qui·

235 2337 240 2350 ’
300 2345 373 2418 bus
388 2367 483 2443 saepe
499 2343 588 2417 alias
605 2369 698 2416 ame
714 2345 855 2418 litteras
875 2347 1065 2444 accepisti,
1084 2369 1164 2415 non
1185 2343 1297 2443 magis

301 2461 554 2552 eosmorbm,
573 2487 687 2560 quam
706 2463 947 2535 incommoda
963 2461 1191 2560 quibuscum
1209 2487 1296 2534 con-

297 2579 420 2678 juncti
434 2593 812 2666 sunt,memorantes.
825 2583 946 2670 Quam
955 2578 1008 2651 ob
1020 2603 1170 2652 causam
1186 2578 1298 2652 sectio

299 2722 454 2798 quoque
470 2701 539 2768 VII
552 2695 597 2770 iis
609 2695 808 2770 decubitus
827 2694 1107 2794 impedimentis
1120 2697 1160 2767 in
1169 2695 1296 2796 Sepul-

299 2817 410 2889 cheto
426 2814 625 2902 attributa,
645 2811 839 2913 perbrevis
856 2829 931 2902 est,
957 2839 1036 2886 non
1057 2813 1170 2912 quod·
1183 2814 1298 2888 histo·

298 2933 361 3006 riae
389 2932 513 3004 desint
539 2930 650 3002 adid
676 2945 942 3028 argumentum
979 2945 1209 3030 spectantes,
1239 2928 1299 3006 sed

296 3049 401 3148 quod
413 3071 545 3120 omnes
570 3048 848 3146 propemodum
869 3073 954 3120 cum
972 3049 1112 3140 firerint
1125 3066 1212 3122 ante
1232 3073 1296 3124 suo

297 3191 455 3266 quaeque
475 3189 562 3237 cum
576 3163 712 3236 morbo
729 3165 945 3264 productae,
958 3166 1080 3240 tribus
1098 3167 1225 3242 verbis
1240 3169 1297 3240 hic

295 3284 528 3373 indicantur,
546 3281 743 3381 designato
752 3283 837 3356 loco
851 3309 947 3382 quo,
962 3286 1055 3358 sicui
1066 3286 1193 3358 lubeat
1205 3342 1215 3377 ,
1226 3291 1298 3358 sint

294 3398 550 3500 perlegendas,
575 3400 900 3498 quemadmodum
924 3427 946 3472 a
965 3427 1024 3474 me
1044 3403 1113 3475 tihi
1128 3403 1298 3502 'epistola

293 3531 452 3617 possunt
475 3520 576 3604 XVI,
605 3521 692 3606 XX,
713 3521 819 3606 XXI,
842 3523 964 3608 XXII,
987 3524 1202 3607 XXXVIII,
1224 3545 1298 3620 prae

294 3635 437 3708 caeteris
465 3633 635 3706 indicari.
661 3634 839 3708 Arthritis
869 3652 994 3708 autem
1025 3663 1111 3710 cum
1140 3639 1297 3712 morbus

290 3750 368 3827 fere
389 3753 436 3824 sit
465 3751 644 3839 divitum,
675 3753 864 3827 rarissime
892 3780 1124 3855 pauperum3
1154 3755 1294 3830 horum

289 3885 436 3959 autem,
467 3893 547 3940 non
573 3869 744 3957 illorum,
775 3870 955 3944 cadavera
980 3875 1202 3946 anatomicis
1231 3889 1300 3945 tra·

287 3985 429 4062 dantur
437 4040 450 4088 ,
468 4001 534 4059 aut
560 3985 747 4088 siquando
767 3987 921 4070 iliorum
943 3990 1114 4090 quaedam
1143 3992 1219 4065 sint
1244 3992 1303 4063 in-
