2824 4652
304 421 402 516 52⁸3
467 461 515 510 nn
540 457 686 512 seorsus
711 459 756 508 m
780 456 906 509 causis
930 445 1146 511 nomnium

303 575 393 654 huic
402 595 578 648 vasorum
594 554 847 662 dilatationes,
859 570 1072 672 harumque
1087 587 1156 647 aut
1163 597 1289 650 causas
1298 583 1315 668 ,'

302 671 344 766 in
365 693 572 793 primisque
588 688 822 762 valvularum
845 691 955 782 sitia,
979 705 1046 764 aut
1068 689 1250 784 effectus,
1271 709 1309 768 ut

304 807 630 912 praetematuraies
656 807 1011 906 respirationes,'et
1035 809 1200 909 pulsus,
1233 837 1309 912 syn·

303 952 447 1028 copen,
477 925 720 1023 internasque
751 921 1046 1025 haemorrhagiae
1082 929 1303 1004 considera·

304 1068 396 1120 rem
416 1042 503 1118 Id
476 1067 507 1116 si
528 1039 656 1144 facias,
682 1064 766 1136 quae
771 1040 838 1116 ad
864 1041 1159 1142 Sepulchretum
1185 1045 1308 1134 addas,

304 1189 385 1238 non
406 1185 525 1261 pauca
542 1157 714 1236 habebis

356 1303 411 1380 ιγ.
431 1284 642 1376 Antequam
655 1276 923 1376 dermprovrsrs
932 1278 1123 1354 mortibus
1137 1305 1308 1387 amagnae

304 1399 464 1486 arteriae,
481 1411 581 1468 aute
598 1394 1076 1494 cordisaneurysmatibus',
1089 1395 1308 1498 horumque

303 1518 485 1618 ruptione
512 1509 843 1588 scribendtfinem
865 1512 1018 1604 faciam3
1037 1510 1142 1610 illud·
1157 1513 1310 1591 fortasse

305 1661 352 1710 ex
368 1659 429 1706 me
445 1655 609 1733 quaeres,
629 1655 678 1704 an
693 1631 794 1704 inter
802 1643 947 1705 veteres
960 1654 1116 1731 quoque
1134 1633 1309 1708 accidisse

304 1755 388 1827 illas
407 1751 456 1825 ab
471 1749 605 1824 iisdem
632 1732 774 1838 causis,
797 1747 941 1849 putem,
963 1749 1095 1824 Plures
1111 1775 1208 1826 sane
1228 1767 1309 1826 tunc

305 1873 416 1946 etiam
432 1883 605 1942 mortuos
622 1881 779 1967 repente
802 1889 899 1958 esse,
919 1867 1050 1967 negari
1067 1894 1151 1941 non
1170 1885 1310 1970 potest,

304 1987 410 2091 quod
424 1987 505 2060 aliis
518 1985 566 2059 ad
578 1999 615 2058 te
631 1985 765 2057 litteris
783 1983 843 2085 (s)
858 1985 1016 2094 memipi
1028 1985 1264 2081 ostendisse,
1278 2005 1310 2062 et

210 2097 216 2110 ”
302 2131 408 2181 nunc
425 2101 670 2191 confirmare,
688 2103 719 2175 si
730 2125 832 2202 opus
854 2117 968 2192 esset,
983 2103 1044 2174 vei
1064 2127 1111 2176 ex
1128 2105 1308 2179 Cicerone

238 2269 241 2278 ι
303 2230 387 2326 ipso
406 2244 577 2324 possem,
603 2221 713 2318 cujus
730 2219 810 2294 huc
828 2243 967 2319 nempe
986 2235 1078 2292 sunt
1097 2221 1223 2320 uerba
1240 2224 1309 2322 (2):

304 2350 364 2420 At
380 2346 576 2442 repentina
592 2353 711 2412 morte
724 2343 850 2437 periit.
878 2337 1039 2433 Quodsi
1053 2356 1151 2414 esset
1160 2349 1223 2415 t'ta
1228 2345 1310 2436 sao

303 2473 548 2552 tum-tamen
564 2481 611 2530 ea
637 2481 696 2530 res
709 2471 875 2556 propter
896 2454 1099 2530 multorum
1124 2461 1312 2557 ejmmodi

302 2593 478 2671 mortem,
500 2581 591 2648 satis
609 2576 767 2672 fimtam
790 2579 928 2648 veneni
954 2579 1207 2674 suspicionem
1238 2603 1310 2651 nou
1396 2591 1397 2623 ³

301 2699 466 2774 haberet.
486 2696 605 2795 Igitur
621 2694 722 2772 inter
738 2694 959 2793 improvisas
979 2691 1192 2766 multorum
1212 2721 1306 2770 mor-

299 2832 357 2895 tes
373 2840 444 2888 cur
463 2813 545 2911 ejus
561 2835 718 2912 quoque
728 2813 884 2910 ‘generis
901 2809 949 2884 de
964 2835 1044 2910 quo
1064 2810 1305 2904 dicebamus,

299 2949 394 3010 tunc
412 2931 632 3031 contigisse,
652 2951 733 3001 non
750 2929 952 3028 putemus?
966 2933 1067 3004 Num
1082 2926 1182 3002 forte
1203 2931 1306 3030 quod
1398 2977 1399 3000 ι

299 3051 346 3123 iis
354 3047 593 3146 temporibus
608 3045 658 3120 ab
686 3045 760 3118 illis
779 3048 948 3140 animum
969 3069 1191 3147 corpusque
1222 3047 1307 3122 abs·

298 3169 465 3244 tinerent
474 3219 487 3254 ,
504 3189 526 3238 a
541 3163 683 3263 quibus
693 3162 869 3238 homines
885 3164 944 3238 his
962 3160 1101 3237 nostris
1121 3161 1207 3236 n'on
1223 3163 1307 3238 abs·

200 3280 203 3288 ’
299 3287 422 3362 tinent
434 3283 508 3358 iAt
523 3303 712 3354 exeorum
733 3279 921 3372 historiis,
936 3281 1119 3380 librisque
1142 3297 1305 3370 constat,

297 3403 358 3476 uel
374 3401 487 3500 longe
506 3398 636 3472 minus
659 3397 896 3474 abstinuisse.
920 3399 966 3472 Et
981 3398 1155 3498 quamvis
1173 3424 1221 3472 ex
1244 3401 1303 3471 iis·

298 3523 386 3598 dem
402 3518 559 3594 minime
581 3529 745 3606 constet,
767 3539 808 3590 se
841 3516 902 3590 lue
927 3537 1090 3590 venerea
1114 3513 1303 3604 infecisse,

243 3735 244 3739 Ἴ
296 3667 381 3742 quaa
395 3643 604 3738 postquam
624 3633 674 3720 ab
695 3635 867 3708 America
892 3633 1046 3710 tandem
1075 3634 1117 3708 iu
1137 3634 1230 3710 alias
1248 3659 1301 3708 re·

334 3921 378 4004 (1)
397 3921 492 3998 Epist.
506 3920 564 3990 ad,
578 3937 608 3977 n.
625 3937 653 3977 ι.

331 4021 378 4103 (a)
397 4024 479 4082 Orat.
493 4037 551 4112 pro
561 4017 757 4082 melantio.
819 4079 821 4084 ,
