2746 4662
307 395 375 482 144
443 415 499 464 nn·
516 411 661 466 sentens
686 413 731 462 er
756 409 880 464 ciusts
906 408 1117 468 uennonen

301 529 373 603 bac
390 534 442 603 vt
455 545 510 603 est
527 529 574 602 de
587 527 841 600 luxationibus
859 527 930 626 (1),
947 529 995 600 ad
1013 552 1207 626 supremas
1228 527 1303 600 attia
1360 547 1361 570 t

305 663 371 722 net
389 646 603 733 vertebras,
621 669 765 743 neque,
784 661 826 718 ut
839 645 927 718 alibi
944 645 1039 734 dixi,
1061 648 1147 720 satis
1162 661 1303 718 constat
1322 640 1325 647 “

302 792 352 840 an
370 763 482 837 fuerit
497 765 576 836 sine
589 760 773 852 fractura,
784 765 878 850 imo,
894 779 937 835 ut
954 787 1044 834 mox
1060 763 1302 850 indicabitur,
1360 761 1361 803 ³

302 909 352 956 an
369 880 481 954 fuerit
496 903 585 951 vera
604 879 780 977 luxatio);
807 903 883 978 qua
899 880 1115 952 in'Fontani
1136 880 1304 952 observa·
1360 879 1361 900 *

301 1001 406 1073 tione
426 998 563 1096 legitur
584 997 763 1096 quidem,
787 997 958 1094 bajulum
987 998 1053 1095 qui
1087 1022 1133 1068 ex
1162 999 1241 1069 alto
1266 999 1301 1067 in

303 1115 511 1212 subjectam
537 1114 682 1187 trabem
704 1115 863 1214 supinus
889 1114 1092 1204 ceciderat,
1112 1115 1301 1188 vertebras
1358 1113 1361 1154 ‘³

194 1311 196 1314 ,
302 1232 406 1306 dorsi
424 1231 644 1322 duloeasse,
660 1257 703 1305 ac
719 1233 925 1308 desolvere
940 1233 1042 1305 unde
1058 1233 1186 1331 quoad
1199 1235 1301 1322 vixit,
1360 1233 1361 1270 ³

301 1351 499 1422 incurvato
520 1373 680 1447 corpore
702 1365 840 1422 terrani
861 1349 953 1428 facie
978 1353 1212 1450 spectaverit.
1234 1351 1301 1423 Sed
1360 1347 1361 1391 ³

191 1463 195 1469 ’
303 1468 417 1540 dorso
436 1467 577 1539 mortui
588 1491 658 1565 per
673 1481 874 1540 anatomen
888 1483 1057 1557 retecto,
1077 1495 1163 1542 cum
1178 1493 1302 1568 expec-
1360 1467 1361 1494 ³

301 1579 357 1658 tas
374 1601 417 1657 ut
433 1585 548 1674 scias,
564 1609 612 1655 an
630 1581 753 1656 fractae
772 1582 930 1658 fuissent
951 1585 1240 1678 illae'vertebrae;
1259 1587 1300 1658 de
1359 1583 1361 1638 ἕ

301 1703 377 1776 hoc
386 1702 482 1774 nihil
495 1757 514 1792 „
524 1701 590 1774 sed
610 1703 780 1800 quinque
796 1703 987 1776 vertebras
1004 1721 1238 1803 conspectas,
1249 1707 1301 1775 in-
1360 1733 1361 1744 ¹

301 1822 437 1920 telligis
460 1819 724 1918 conglobatas,
746 1820 1023 1894 adhaerentibus
1038 1825 1214 1895 'viscosis
1233 1849 1301 1894 nra·
1358 1831 1359 1836 ’

197 1950 200 1958 ’
301 1941 425 2030 teriis,
445 1945 482 2010 in
508 1963 668 2038 gypsum
698 1945 809 2037 quasi
830 1937 957 2011 calore
977 1928 1148 2010 naturali
1173 1947 1300 2040 inspis-

301 2073 408 2130 sante
427 2061 618 2129 conversis.
636 2058 768 2152 Neque
791 2056 831 2126 in
854 2055 1198 2154 Sepulebreto'aliae
1218 2071 1300 2131 sunt

265 2221 268 2226 -
301 2189 480 2276 praeterea
494 2171 755 2262 dissertiores,
776 2173 880 2271 quod
896 2173 1030 2263 sciam,
1049 2173 1125 2246 buc
1144 2175 1300 2247 attinen-

303 2300 376 2365 tes':
398 2293 525 2388 itaque
540 2291 616 2385 jam
636 2289 758 2378 vides,
783 2315 831 2362 an
844 2307 847 2320 ·
862 2291 962 2388 justa
989 2291 1165 2365 sit'nobis
1194 2317 1299 2365 causa

302 2404 479 2510 optandi,
498 2422 541 2478 ut
558 2394 708 2506 saepius,
723 2433 766 2479 ac
779 2407 993 2508 diligentius
1008 2433 1069 2482 res
1087 2425 1186 2482 esset
1199 2435 1220 2484 a
1234 2433 1313 2481 ma·-

298 2526 448 2625 juribus
460 2526 651 2624 vestigata.
671 2531 780 2600 Certe
807 2527 877 2598 ista
903 2529 1062 2598 Fontani
1090 2526 1298 2600 observatio

302 2645 391 2718 dare
410 2659 534 2742 potest
553 2644 759 2741 suspicioni
771 2643 923 2734 locum,
943 2669 1036 2716 num
1049 2643 1142 2732 illae,
1163 2669 1297 2718 nurnve

301 2763 379 2835 attae
393 2783 671 2859 nonnunquam
682 2759 880 2849 vertebrae,
895 2785 1003 2832 nona
1014 2761 1307 2862 luxationeprow

300 2882 489 2968 mineant3
505 2878 570 2952 sed
588 2879 773 2950 amateria
793 2899 906 2975 quam
924 2893 1092 2967 externa,
1107 2895 1170 2952 aut
1184 2882 1297 2952 inter-

300 3019 502 3074 na.·causa
517 2995 616 3067 eirca
640 3019 701 3066 eas
725 3009 850 3093 cogat,
879 3011 917 3068 et
943 2995 1111 3083 induret,
1143 2998 1246 3070 unde
1262 3011 1303 3068 et'

300 3113 408 3184 nervi
427 3137 472 3185 ex
493 3111 625 3183 iisdem
645 3113 719 3182 orti
748 3128 987 3211 premantur,
1017 3129 1054 3186 et
1073 3113 1182 3188 adsiti
1201 3139 1296 3188 mus·

301 3229 393 3318 culi,
410 3228 636 3318 attollendo,
651 3244 714 3300 aut
730 3228 920 3303 flectendo
938 3235 1090 3330 corpori
1110 3233 1295 3319 attributi,

299 3345 557 3444 vertebraeque
575 3348 664 3444 ipsae
693 3349 769 3421 suis
790 3349 828 3420 in
847 3350 1075 3440 actionibus,
1099 3353 1305 3450 atqueusi·-

299 3463 371 3536 bus
389 3463 664 3563 impediantur,
689 3489 740 3536 ac¹
754 3464 1035 3563 perturbentur.
1063 3469 1218 3558 Quanto
1236 3493 1300 3540 au··

300 3583 514 3655 ternminus
533 3577 715 3654 laedentur
732 3584 857 3673 nervi,
874 3598 938 3656 aut
959 3609 1037 3682 quo
1054 3585 1195 3658 diutins
1214 3611 1296 3684 pro·

298 3698 471 3772 trahetur
490 3697 655 3770 bominis
666 3701 772 3812 rita,
785 3702 961 3800 eumagis
980 3726 1068 3774 ansa
1087 3703 1235 3774 dabitur
1252 3697 1295 3772 ad

1358 3511 1361 3598 t

1360 3807 1361 3872 t

302 3871 1294 3902 mmm-*md

339 3984 608 4064 <nouam
