2746 4662
156 461 230 510 m.
245 461 297 509 ιιι.
312 461 360 508 or
374 459 510 508 ιιοιιιιιε
521 458 701 508 caraune.
712 489 722 526 ,
735 437 933 510 eterrisr.
943 461 1016 510 tri.
1048 463 1112 514 ror

98 591 236 664 retur,
255 576 378 672 majus
395 599 474 646 esse
496 599 576 646 non
595 573 749 662 debuit,
764 571 844 648 aire-
870 578 1003 664 etiam,
1019 592 1063 648 ut
1080 578 1145 650 iri*

101 693 268 764 alveolis
301 691 473 763 dentium
507 714 602 789 soepe
636 690 823 779 videmus,
856 691 1012 789 dempto
1037 717 1120 766 osse

101 809 219 906 quod
233 823 343 880 antea
362 807 544 906 incertum
559 821 654 894 erat,
671 808 911 904 circumjecta
922 832 1027 882 ossea
1037 809 1120 882 suh

101 928 251 998 stantia
268 928 418 1014 crescit,
438 940 475 996 et
493 927 617 998 sinum
633 925 780 1022 implet,
798 941 862 998 aut
880 923 956 998 fere
971 927 1119 1025 implet:

18 1049 21 1060 '
99 1045 145 1116 id
154 1044 273 1142 quod
290 1045 448 1116 etiamin
466 1043 601 1116 claudo
611 1043 694 1114 viro
708 1044 814 1139 cujus
828 1043 1022 1116 historiam
1032 1069 1118 1143 pro·

99 1151 195 1261 misi
208 1161 272 1234 hic
288 1185 367 1234 esse
381 1185 442 1234 me
455 1161 717 1234 absoluturum
728 1214 738 1248 ‚
750 1162 933 1258 perspexi.

157 1285 218 1367 14.
238 1279 419 1352 Lanarius
429 1280 545 1377 igitur
558 1279 637 1366 ille,
653 1279 762 1375 cujus
776 1278 865 1350 alibi
879 1277 937 1376 (1)
955 1276 1088 1350 mortis
1105 1320 1118 1336 -

99 1422 195 1470 rum
213 1397 353 1468 vulnus
368 1396 565 1496 descripsi,
587 1396 626 1466 in
645 1397 742 1467 latus
759 1394 979 1484 dexterum,
998 1412 1040 1468 ut
1063 1395 1119 1468 ibi

101 1513 340 1601 dictumest,
361 1502 602 1585 claudicabat.
622 1517 733 1584 Hunc
745 1513 878 1610 aequali
887 1528 1049 1612 utroque
1062 1514 1116 1584 in·

100 1629 249 1704 feriore
257 1645 341 1702 artu
356 1632 397 1700 in
413 1631 538 1702 lucem
556 1629 702 1702 editum
711 1627 774 1726 (de
792 1645 887 1701 noto
899 1631 999 1702 enim
1012 1633 1118 1720 viro,

100 1747 214 1847 quod
231 1747 280 1818 de
291 1747 371 1820 aliis
386 1771 644 1845 saepenumero
662 1745 799 1820 frustra
812 1749 954 1844 optavi,
970 1773 1051 1845 quae
1066 1741 1117 1820 in·

102 1865 331 1964 quirebam‚
364 1867 458 1937 scire
490 1866 611 1962 potui)
650 1889 738 1936 cum
781 1880 900 1936 mater
938 1865 1117 1956 tenellum

99 1984 251 2072 adhuc,
275 1997 389 2080 atque
407 1981 502 2054 adeo
516 1983 647 2080 primis
663 1983 744 2054 vitae
759 1981 951 2054 mensibus
965 2007 985 2054 e
1007 1985 1116 2056 cunis

102 2103 309 2190 eximeret5
322 2099 451 2172 dolere
468 2115 552 2172 artu
568 2099 639 2170 illo
654 2099 824 2188 dextero,
839 2099 1121 2190 animadvertit,¹
1155 2175 1156 2180 ,
1203 2091 1205 2103 δ

102 2222 184 2293 sive
203 2243 293 2291 eum
324 2217 497 2290 dolorem
521 2215 682 2290 ‘externa
704 2218 846 2314 aliqua,
870 2217 941 2314 ipsi
965 2218 1117 2316 ignota,

101 2362 220 2412 causa
243 2334 339 2408 forte
356 2334 578 2423 induxerat,
602 2335 678 2422 sive
708 2334 863 2404 interna.
888 2337 975 2406 Post
998 2359 1113 2432 quem

102 2455 284 2526 dolorem
293 2444 370 2550 jam
390 2468 473 2523 tum
491 2453 523 2524 is
541 2465 644 2524 artus
667 2448 783 2522 factus
813 2465 869 2524 est
891 2451 1059 2540 brevior3
1072 2467 1116 2526 ut

101 2571 254 2644 nemini
270 2585 423 2668 postea,
449 2593 535 2640 cum
555 2567 702 2666 ingredi
714 2591 810 2665 puer
827 2568 959 2664 coepit,
974 2569 1115 2640 mirum

102 2688 221 2761 fuerit
241 2682 347 2785 quod
372 2685 608 2758 claudicaret.
643 2689 722 2759 Usu
748 2698 870 2756 autem
889 2700 1118 2758 consecutus

103 2823 179 2896 est,
199 2820 245 2877 ut
255 2804 482 2877 claudicaret
500 2802 679 2901 quidem,
697 2802 762 2874 sed
782 2817 960 2901 prompto
983 2827 1115 2900 gressu

104 2939 224 3023 atque
251 2922 438 3021 expedito.
468 2927 486 2992 J
490 2935 656 2993 uncturae
673 2921 827 3008 vitium,
847 2939 897 2991 ex*
919 2945 998 3016 quo
1020 2921 1115 2994 alte-

103 3042 208 3130 rius,
239 3038 480 3137 quantumvis
499 3037 659 3125 modici,
684 3037 833 3108 occasio
860 3037 1046 3126 extiterat,
1071 3053 1115 3112 ut

106 3161 268 3258 opinor,
280 3157 463 3226 nimirum
478 3154 569 3227 dum
586 3153 704 3226 homo
717 3139 888 3252 corporis
903 3153 1053 3253 pondus
1073 3155 1115 3228 in

106 3275 318 3348 firmiorem
339 3273 530 3344 sinistrum
552 3287 676 3344 artum
700 3271 882 3344 inclinare
903 3271 1117 3362 nitebatur,

108 3392 276 3464 thoracis
294 3391 441 3488 spinam
458 3393 498 3460 in
522 3389 618 3462 latus
634 3387 729 3462 illud
746 3389 921 3461 nonnihil
938 3389 1116 3462 incurva-

107 3523 237 3582 verat:
259 3509 463 3601 iuncturae,
490 3509 669 3605 inquam,
693 3509 829 3585 vitium
848 3506 989 3580 dexteri
1013 3523 1119 3580 artus
1145 3557 1152 3572 ·

109 3626 281 3727 adhunc
302 3623 460 3696 modum
477 3649 516 3697 se
537 3623 710 3696 habebat.
741 3623 989 3698 acetabulum
1008 3625 1114 3721 quod

112 3745 219 3817 sotira
246 3740 334 3815 sede
360 3765 381 3812 a
414 3739 634 3840 primordiis
659 3757 794 3816 natura
819 3755 1039 3839 paraverat,
1070 3765 1118 3814 ex

155 4021 199 4102 Ι(ι)
218 4025 312 4102 Epist.
325 4022 422 4096 5t,n.
438 4025 488 4096 46¹
