2858 4658
337 412 413 512 δι’
507 458 553 510 nr
578 455 724 508 currens
748 457 792 504 rr
817 455 941 505 causis
965 453 1175 508 nonronun
1260 495 1265 506 .

335 599 438 650 anno
461 575 554 671 1706
571 588 613 644 ut
629 569 749 644 fusius
765 570 813 642 ab
826 571 1031 670 Rudolpbo
1050 572 1191 646 Jacobo
1210 576 1350 648 Came·

203 715 225 784 ⁰„
337 695 437 767 rario
454 690 513 789 (r)
537 689 664 762 videre
678 691 819 786 poteris
837 706 1198 782 commemoratum,
1215 708 1252 766 et
1265 717 1351 764 rur·

337 833 518 885 susanne
542 807 650 906 1747,
666 823 708 878 ut
723 809 991 878 commentaria
1012 831 1165 881 versans
1186 809 1348 884 laudatae

333 926 541 1001 Academiae
557 925 611 1021 (n)
624 926 798 1023 reperies.
825 929 981 1022 Semper
1001 940 1125 998 autern
1150 925 1205 998 ibi
1227 928 1348 1027 culpa

333 1043 472 1142 rejecta
488 1059 544 1115 est
557 1043 598 1114 in
611 1043 738 1114 vitiata
757 1042 887 1114 seculis
906 1063 1044 1140 grana,
1059 1044 1203 1142 quippe
1219 1046 1260 1116 in
1280 1071 1346 1118 ca·

333 1163 442 1234 ritate
461 1185 655 1234 aunonaea
676 1157 924 1257 pauperibus,
949 1176 1084 1259 praeter
1110 1186 1206 1259 quos
1221 1167 1345 1236 nemi-

331 1303 420 1350 nem
444 1275 475 1350 is
497 1275 724 1375 corripiebat
754 1276 930 1365 morbus,
956 1278 996 1348 in
1024 1277 1192 1378 paranda
1217 1277 1344 1352 facilia

328 1421 419 1472 cum
437 1396 592 1493 integris
605 1393 813 1492 probisque
829 1396 954 1492 granis
971 1395 1123 1468 relicta:
1141 1421 1227 1494 quae
1248 1397 1344 1470 alibi

225 1561 227 1568 ·
327 1536 502 1613 quoque,
529 1513 710 1582 nimirum
743 1534 830 1582 cum
857 1511 966 1609 sylvae
990 1513 1175 1601 Herciniae
1194 1514 1343 1586 incolas

329 1631 431 1704 idem
449 1643 598 1702 vexaret
613 1627 789 1717 morbus,
806 1644 894 1700 sunt
910 1629 1010 1727 apud
1025 1633 1266 1704 Brunnerum
1281 1633 1339 1731 (3)

219 1845 224 1852 ἱ
330 1763 510 1824 accusata.
529 1753 614 1846 Ipsa
627 1761 754 1818 tamen
773 1747 853 1818 sine
872 1761 974 1826 certa
991 1771 1194 1846 corporum
1209 1749 1342 1850 dispo-

331 1869 466 1941 sitione
490 1880 636 1940 tantum
661 1863 828 1963 potuisse
852 1887 932 1936 non
962 1865 1213 1954 crediderim,
1243 1883 1340 1942 tunc

331 1986 475 2074 saltem,
486 2009 572 2058 cum
582 2005 705 2054 mares
714 1981 856 2069 solum,
876 2005 955 2054 non
967 1980 1140 2070 feminas,
1154 1985 1184 2055 si
1196 2009 1339 2082 paucas

329 2105 491 2203 excipias
508 2099 710 2202 puellulas,
733 2099 773 2170 in
800 2098 933 2172 iisdem
953 2101 1057 2197 pagis
1079 2099 1210 2172 eadem
1227 2103 1337 2176 inva-

327 2223 650 2318 deretgangraena.
662 2221 844 2290 Caeterum
854 2217 1337 2315 plerumquealiastttrum·
1413 2201 1414 2222 ¹

326 2364 400 2440 que
422 2361 550 2410 sexum
569 2333 789 2408 infestabat:
816 2349 854 2408 et
873 2334 963 2406 alibi
981 2334 1054 2408 alio
1071 2349 1244 2434 ternpore
1269 2333 1336 2410 ali·

325 2470 473 2554 quanto
481 2453 608 2542 aliter,
627 2469 669 2524 ut
689 2452 781 2536 alios
802 2475 958 2549 quoque
986 2467 1191 2550 occuparet
1208 2470 1336 2545 artus,

322 2589 526 2674 partesque
543 2573 650 2658 alias,
666 2569 930 2668 utplurimum
946 2583 1071 2642 autem
1088 2595 1109 2642 a
1128 2569 1255 2668 digitis
1274 2599 1335 2672 pe·
1412 2669 1413 2672 Ἴ

326 2693 418 2765 dum
456 2693 674 2789 inciperet:
705 2687 850 2785 reliqua
877 2687 1116 2779 discrimina,
1148 2688 1268 2763 libros
1297 2707 1335 2766 et

321 2825 495 2882 auctores
522 2831 617 2905 quos
644 2807 858 2893 nominavi,
879 2805 1105 2903 inspiciens,
1125 2823 1251 2905 perte
1277 2811 1332 2882 ri·
1411 2863 1412 2866 ,

323 2925 441 3004 debis,
463 2929 542 3024 Ego
562 2926 663 2997 enim
681 2923 729 2994 ad
754 2947 819 2995 eos
838 2947 943 3000 casus
969 2923 1101 3012 redeo,
1120 2925 1161 2996 in
1187 2925 1331 3023 quibus
1411 2929 1412 2938 ’

158 3065 171 3081 ¹
276 3119 279 3126 s
323 3068 366 3131 ea
389 3067 503 3141 grana
523 3042 690 3114 accusari
711 3065 790 3110 non
818 3054 1003 3139 poterant.
1033 3045 1078 3112 Et
1101 3043 1329 3118 Benivenius

321 3160 477 3259 quidem
495 3157 553 3255 (l)
577 3156 648 3229 ubi
669 3157 716 3229 de
743 3153 885 3230 infelici
906 3159 1007 3230 exitu
1036 3159 1207 3256 loquitur
1232 3144 1350 3259 gan-'

242 3306 249 3328 ·
320 3301 529 3378 gramarum
556 3301 577 3346 e
596 3275 715 3374 digito
726 3274 856 3374 pedis,
874 3280 1078 3376 praesertim
1092 3279 1132 3350 iu
1152 3273 1325 3372 senibus,

318 3396 599 3496 incipientium,
617 3393 760 3492 aliquid
780 3393 856 3466 huc
878 3397 1039 3469 attinens
1058 3395 1208 3469 videtur
1225 3400 1325 3475 indi·

370 3717 398 3795 ι)
418 3713 495 3791 Eph.
508 3717 546 3772 N.
561 3717 595 3772 C.
608 3725 686 3772 cent.
703 3715 737 3789 6,
752 3716 817 3773 obs.
833 3717 882 3776 82.

351 3816 397 3894 a)
417 3819 474 3874 An.
494 3815 578 3886 1748.

352 3912 397 3996 (ὃ)
419 3911 495 3990 Eph.
509 3914 560 3970 cit.
576 3915 640 3971 dec.
654 3914 686 3983 3,
699 3916 737 3969 A.
751 3931 785 3986 a,
804 3916 869 3977 obs.
880 3923 949 3984 aab.
1019 3951 1023 3960 ·

351 4015 396 4095 (l.)
417 4015 462 4078 De
476 4014 585 4071 abditis
601 4013 771 4085 nonnullis,
788 4025 845 4072 etc.
863 4017 996 4077 morbor.
1008 4019 1115 4094 cautis,
1128 4039 1156 4082 c,
1169 4037 1216 4093 71.
