2782 4652
67 473 168 523 nav.
184 446 419 525 neaoor'nms
431 471 480 520 an
491 469 762 520 sresursarnr.
779 470 970 521 aureamin.
1000 449 1068 545 427

69 565 189 666 autem
206 587 308 662 idem
327 586 376 670 ab
385 584 469 659 aliis
483 583 720 683 compertum
727 599 831 658 esset
841 637 851 670 ‚
861 585 1002 658 ibidem
1016 585 1072 681 (1)

72 707 242 805 reperies.
261 703 409 810 addere
428 725 531 776 nunc
550 702 692 800 poteris
709 702 897 776 Gunaium
916 700 971 800 (a)
986 702 1075 799 ,qui

75 823 110 894 in
129 822 443 898 dnobnssieeum
472 818 671 894 cerebrum
693 818 809 908 vidit,
841 833 955 918 atque
976 844 1076 892 com·

67 955 240 1036 paetum,
259 963 381 1038 eaque
399 939 602 1034 firnaitate,
624 933 974 1036 utpro'sanissimo
996 961 1080 1015 non

75 1071 197 1154 posset
210 1057 362 1130 habere.
379 1056 474 1128 Huic
491 1069 620 1128 tamen
640 1079 719 1126 non
731 1055 890 1154 contigit
906 1071 1024 1141 certe,
1038 1070 1079 1126 ut

76 1175 291 1273 nequealiis
309 1172 400 1260 illis,
428 1171 534 1272 quod
563 1173 695 1258 sciam,
726 1172 827 1246 idem
862 1171 969 1270 quod
984 1171 1079 1242 mihi

78 1291 278 1381 acciderat,
294 1307 338 1365 ut
356 1291 483 1390 plures
492 1290 627 1392 stultos
644 1289 885 1375 dissecando,
896 1292 937 1362 in
955 1292 1080 1362 omni-

76 1405 144 1480 bus
164 1409 298 1510 durius
327 1408 526 1482 cerebrum
555 1409 779 1482 invenirent.
814 1407 886 1483 Sed
923 1423 960 1481 et
986 1407 1082 1480 mihi

76 1525 224 1600 tandem
249 1526 406 1616 accidit,
435 1516 759 1624 quemadmodum
784 1525 949 1625 Epistola
980 1525 1080 1626 lege·

77 1643 124 1716 ris
138 1647 224 1716 LIX.
246 1642 301 1741 (3)
319 1660 361 1718 ut
374 1647 414 1716 in
425 1645 471 1717 e'o
486 1645 554 1741 qui
563 1643 698 1715 delirio
711 1643 876 1740 quodam
891 1643 1080 1718 melanco-

76 1759 149 1832 lico
162 1753 421 1850 laboraverat,
447 1741 708 1840 diaetarum
734 1759 1080 1857 deprehenderem,

77 1901 121 1960 an
137 1879 244 1978 quod
274 1871 454 1964 delirium
475 1873 606 1952 inisset
629 1877 779 1953 levius?
798 1901 847 1949 an
876 1876 980 1975 qnod
1003 1879 1080 1974 jam

76 2011 166 2070 esset
174 2012 348 2071 auratum
361 1995 605 2094 iquanqua'm
616 2019 700 2068 mea
715 1996 820 2092 parvi
835 1991 948 2068 reiert
958 2008 1081 2066 utram

78 2111 124 2184 ob
139 2138 375 2206 causam.,an
390 2113 441 2187 ob
452 2114 560 2186 aliam
572 2114 625 2186 sic
640 2111 867 2202 inerit‚enm
881 2111 1081 2184 cerebrum

78 2229 114 2302 in
134 2232 255 2304 stultis
270 2233 395 2304 laxum
415 2233 483 2330 qui
502 2231 786 2330 conspexerint,
812 2255 891 2304 non
918 2231 1080 2302 reticue-

77 2344 145 2420 rim
162 2349 235 2447 (Δ),
260 2365 298 2422 et
316 2349 457 2424 durum
473 2351 554 2424 sine
572 2349 729 2421 stultitia
755 2371 837 2422 esse
854 2366 982 2447 posse,
999 2373 1079 2420 non

81 2463 388 2538 dissimulaverim
398 2463 472 2562 (5),
488 2465 554 2538 ubi
569 2465 665 2543 iilud
688 2478 845 2564 quoqne¹
859 2465 996 2539 diserte
1015 2464 1082 2538 ad-

80 2581 177 2672 didi,
197 2582 369 2677 crebram
385 2583 479 2657 adeo
495 2584 535 2654 in
555 2582 629 2655 hoe
648 2582 775 2654 morbi
792 2607 930 2680 genere
948 2583 1081 2655 obser-

80 2701 267 2782 rationem
288 2697 433 2774 cerebri
446 2699 618 2796 durinon
634 2723 714 2773 esse
729 2700 883 2797 quidem
897 2701 1085 2799 negligen-

83 2815 184 2908 dam,
199 2817 265 2892 sed
284 2831 430 2904 tamen,
448 2816 552 2916 qdod
569 2837 672 2890 nunc
697 2816 906 2904 confirmo,
925 2843 1001 2890 non
1026 2821 1083 2890 vi-

81 2932 157 3006 deri
174 2937 294 3036 ipsam
310 2959 390 3041 esse
410 2937 596 3034 praecipue
612 2935 865 3034 spectandam.
886 2941 940 3007 Eo
956 2953 1082 3009 autem

82 3054 205 3130 minus
221 3053 463 3154 spectandam
482 3051 638 3126 credent
661 3055 761 3152 siqui
783 3053 940 3126 doctum
959 3057 1082 3128 virum

84 3171 378 3269 sequentem—cui
394 3173 518 3270 placet
548 3171 710 3244 stultitiae
727 3195 873 3244 cansam
895 3172 1082 3250 ‹lednoere

83 3291 295 3390 asanguiue
310 3291 490 3364 crassiore
505 3286 623 3377 facto,
640 3306 677 3362 et
691 3290 889 3364 viscidiore
904 3345 914 3378 ,
927 3293 1083 3364 lentius-

84 3475 118 3495 ...
733 3477 735 3486 1
1064 3479 1068 3484 .

122 3622 223 3706 (1)N.
248 3643 294 3698 17.

121 3723 162 3802 (a)
183 3728 397 3804 Proius.supre
413 3729 463 3787 cit.
513 3705 521 3720 ⁹

121 3821 164 3900 (3)
184 3827 223 3884 N.
243 3823 290 3886 ra.

123 3920 165 3999 (i)
184 3924 278 4000 Epist.
291 3925 326 3998 8,
342 3945 371 3982 n.
391 3925 434 3983 18.

124 4019 164 4100 (ὅ)
186 4021 264 4082 Ibid.
330 4043 334 4050 ·
