2700 4660
68 447 133 493 tut.
150 447 200 494 tv.
215 445 262 493 ult
276 441 413 493 nonus
423 443 619 510 enmono,
631 437 700 493 elc-
711 445 824 503 netsr.
841 443 942 496 tvm.
971 447 1038 498 201

48 561 143 632 illam
171 575 391 660 spectantes.
416 563 586 654 Quarum
606 559 688 632 duae
720 562 850 660 primae
877 578 965 636 sunt
998 589 1045 636 ex

48 677 221 751 Valsalva„
311 752 313 756 ,

63 851 65 858 .
93 803 126 884 4.
143 796 293 867 Mulieri
319 819 401 893 quae
419 819 563 867 annum
586 811 759 894 exegerat
783 796 1046 896 quinquagesi-

51 939 166 1002 mum,
179 911 294 984 dolor
309 914 465 986 obortus
482 914 592 988 estad
606 914 794 985 maxillam
810 913 1046 1006 inferiorem,

53 1057 145 1119 cum,
156 1031 265 1102 multi
281 1029 474 1102 interdum
486 1033 675 1129 sanguinis
685 1031 789 1103 fluxu
800 1031 895 1105 adeo
907 1048 949 1105 ut
962 1057 1046 1105 can·

52 1149 150 1220 denti
181 1145 281 1220 ferro
310 1147 463 1220 admoto
498 1148 602 1220 bunc
637 1173 876 1248 compescere
909 1151 1047 1248 cogita·

52 1282 149 1352 rent,
164 1268 206 1336 ni
225 1289 295 1364 per
310 1287 348 1337 se
363 1263 516 1336 tandem
537 1266 715 1376 desiisset.
737 1267 845 1340 Brevi
856 1283 942 1366 post
953 1283 1047 1339 tem·
1076 1341 1079 1348 A

52 1409 138 1481 pore
165 1383 316 1455 dolores
338 1382 385 1454 ad
414 1407 496 1455 ossa
529 1407 663 1456 vexare
693 1385 890 1460 mulierem
921 1409 1047 1484 coepe·

53 1516 162 1574 runt:
184 1525 282 1598 quos
315 1525 400 1573 cum
424 1500 489 1572 diu
517 1501 752 1600 pertulisset,
770 1503 931 1601 incepit,
952 1527 1049 1602 quo·

54 1621 282 1716 tiescumque
312 1617 550 1706 movebatur,
571 1621 832 1717 queriomnia
862 1619 933 1692 sibi
964 1644 1048 1692 ossa

55 1732 192 1834 frangi,
222 1750 259 1808 et
288 1759 375 1808 sane
399 1736 466 1833 qui
486 1717 660 1825 aderant,
677 1751 768 1810 tunc
795 1739 981 1836 crepitum
1002 1735 1051 1809 ad

57 1855 228 1925 articulos
241 1852 452 1926 audiebant.
473 1854 529 1926 Ad
545 1853 623 1926 baec
635 1854 728 1927 illud
737 1869 866 1954 postea
882 1857 1052 1942 accessit,

58 1987 94 2042 ut
108 1969 330 2043 inferiorum
349 1987 500 2043 artuum
518 1992 600 2044 ossa
612 1971 712 2044 flecti
728 1974 929 2070 coeperint,
944 1971 1054 2068 quasi

59 2105 177 2162 essent
195 2113 326 2178 cerea,
354 2089 456 2161 etad
474 2089 593 2162 levem
613 2091 723 2161 etiam
747 2104 893 2165 motum
911 2088 1052 2162 dolere.

60 2210 210 2278 Mortuae
226 2206 389 2278 demumw
403 2207 555 2278 inventa
580 2221 666 2280 sunt
688 2229 770 2280 ossa
800 2207 1055 2293 innominata,

60 2324 222 2413 femoris,
238 2323 356 2410 tibiae,
374 2338 411 2395 et
430 2349 513 2422 quoe
532 2326 647 2396 cranii
666 2323 848 2397 fornicem
867 2321 1054 2411 efficiunt,

62 2465 136 2512 non
162 2465 269 2515 secus
286 2465 329 2512 ac
348 2443 379 2512 si
401 2466 446 2511 ex
465 2444 646 2514 crassiore
669 2465 814 2542 papyro
836 2424 979 2530 essent,
996 2438 1057 2511 fle·

62 2560 208 2631 sibilia:
242 2557 444 2658 superficie
474 2573 600 2631 autem
625 2561 824 2658 spongiosa
856 2573 982 2647 erant3
1007 2556 1057 2629 ad

63 2677 308 2750 meditullium
327 2701 418 2748 vero
433 2675 658 2773 quibusdam
670 2676 763 2748 locis
781 2677 932 2748 cariosa.

108 2796 139 2868 5.
159 2795 271 2867 Unde
289 2795 440 2893 sanguis
454 2794 516 2864 ille
542 2795 693 2866 multus·
705 2793 930 2892 proflueret,
950 2793 1058 2889 cujus

64 2914 164 2986 initio
174 2914 337 2986 historiae
352 2910 394 2984 fit
411 2914 573 3000 mentio,
592 2912 763 2986 Valsalva
782 2911 946 2985 scribere
964 2937 1057 3010 pne-

65 3033 224 3104 termisit.
247 3032 385 3132 Accepi
400 3047 523 3104 autem
543 3053 614 3128 ego
640 3029 687 3100 ab
709 3031 755 3104 iis
783 3030 954 3128 quicum
974 3029 1058 3126 ipso

67 3149 149 3220 olim
170 3149 371 3220 mulierem
393 3163 431 3221 et
446 3149 651 3234 viventem,
673 3163 710 3219 et
738 3162 926 3219 mortuum
953 3146 1060 3218 vide-

68 3281 163 3357 rant,
179 3265 394 3339 abscessum
419 3265 509 3336 huic
531 3263 643 3338 luisse
662 3263 881 3338 adulterum
899 3265 987 3336 colli
1007 3263 1061 3334 la-

69 3390 139 3473 tus,¹
165 3401 209 3456 ut
233 3409 278 3456 ex
299 3383 364 3454 illo
397 3381 545 3455 fluxisse
578 3384 787 3478 conjiciam.
824 3381 1063 3454 Addiderunt

70 3500 196 3592 iidem,
215 3502 286 3573 alia
309 3525 464 3599 quoque
486 3525 569 3573 ossa
591 3498 778 3598 quaedam,
807 3501 846 3570 in
865 3496 1004 3596 quibus
1025 3512 1064 3568 ct

73 3634 173 3691 costae
190 3618 398 3706 nonnullae,
410 3633 447 3689 et
464 3617 602 3715 pedum
613 3639 695 3688 ossa
708 3615 842 3688 flexilia
859 3617 898 3686 in
914 3629 1063 3683 mortua

74 3731 197 3823 luisse,
221 3751 258 3808 et
282 3752 463 3833 tanquam
492 3735 746 3832 cartilagiues,
763 3733 929 3806 cultrum
949 3729 1067 3800 admi·

77 3852 176 3924 sisse:
200 3861 446 3952 quincumque
465 3866 590 3923 autem
623 3875 706 3922 ossa
727 3846 981 3933 flectentibus,
1002 3859 1068 3917 aut

79 3969 407 4070 comprimentibus
427 3969 620 4058 cederent,
637 3994 700 4059 ea,
713 3966 805 4039 dum
823 3965 903 4036 baec
915 3961 1065 4052 fierent,
