2862 4662
172 442 241 489 ms.
252 441 304 488 vr.
322 439 370 487 nr
382 437 520 487 uorum
531 421 730 505 carruae„
748 431 815 488 etc.
830 441 942 489 srrsr.
959 441 1016 488 ιν.
1071 418 1117 516 59

113 555 284 628 missimae
300 579 320 625 a
335 553 1118 652 lungojamtemporeerantvires.Habebis

113 695 266 771 quoque
277 671 380 772 apud
398 673 635 744 Warrenium
647 674 663 764 (
669 671 721 768 1),
740 673 861 744 sedin
884 671 987 745 febre
1006 672 1127 764 flava,-

111 793 223 890 pestis
240 777 391 890 genere.
404 794 559 861 interna
575 805 700 862 autem
712 815 994 890 gangraenarum
1009 816 1120 866 causa

110 933 187 979 non
201 909 407 1006 semperin
419 908 499 980 solo
519 906 726 979 humorum
739 899 831 980 vitio
846 910 1024 981 consistit.
1044 910 1120 982 111ae

112 1029 210 1098 enim
238 1025 447 1123 aliquando
473 1051 583 1098 crura
606 1027 837 1126 corripiunt,
867 1031 956 1124 quia
982 1051 1120 1126 magna

109 1147 244 1216 arteria
267 1144 315 1216 ab
337 1141 532 1217 skirrhoso
555 1159 705 1216 tumore
732 1145 772 1216 in
794 1159 926 1217 ventre
955 1148 1120 1244 compri-

108 1265 223 1335 mitur
240 1262 314 1360 (2):
334 1289 412 1361 quo
432 1279 574 1362 spectat
587 1263 657 1336 ista
675 1287 790 1361 quam
806 1265 846 1334 in
863 1265 1029 1336 sectione
1043 1264 1116 1337 hac

107 1385 155 1454 IV
180 1373 421 1480 Sepulchreti
447 1381 501 1479 (3)
527 1380 679 1480 iegeris,
706 1381 856 1453 Hildani
882 1380 1115 1472 ohservati03

108 1521 331 1597 quanquam
344 1500 384 1569 in
401 1523 445 1570 ea
458 1523 537 1570 nou
553 1514 657 1570 aorta
668 1499 807 1586 solum,
819 1499 885 1570 sed
898 1515 934 1570 et
943 1501 1116 1597 proxima

107 1610 1120 1716 venacavapremebatur3facileeniminadeuproximis

107 1737 249 1807 truncis
267 1734 308 1804 id
332 1749 399 1807 est.
420 1735 499 1806 Nec
513 1749 641 1806 tamen
665 1750 816 1823 contra,
835 1734 1020 1832 quidquid
1049 1761 1117 1834 po·

107 1868 177 1924 test
195 1876 333 1922 venam
356 1851 522 1949 aliquam
545 1853 632 1924 satis
654 1855 921 1951 comprimere,
940 1851 1040 1923 idem
1069 1852 1118 1926 ad·
1158 1878 1165 1901 s

105 1971 317 2069 proximam
339 1972 516 2042 arteriam
533 1995 638 2068 aeque
653 1969 988 2069 ‚comprimendam
1002 1971 1117 2061 valet,

105 2103 146 2160 ut
167 2087 236 2160 cel.
265 2089 454 2159 Swietenii
490 2087 554 2184 (Δ)
577 2088 797 2184 conjectura
828 2103 1012 2187 quantum
1034 2113 1121 2161 cum

103 2209 184 2282 veri
204 2205 475 2296 similitutiine,
502 2221 652 2278 tantum
682 2231 770 2278 cum
791 2211 940 2280 ratione
960 2231 1120 2280 consen·

103 2329 185 2416 tiat,
210 2324 280 2397 ubi
312 2325 454 2396 sinistri
476 2325 587 2424 pedis
607 2327 1119 2415 tumorem„.imminentem·

104 2468 179 2546 que
195 2461 436 2542 gangraenam
449 2445 586 2542 repetit
601 2442 648 2515 ab
665 2444 770 2516 iliaca
782 2447 862 2541 ejus
874 2445 999 2516 lateris
1008 2471 1119 2536 vena,

108 2586 221 2659 quam
239 2582 357 2632 unam
385 2575 597 2652 extremum
621 2560 735 2632 colon
756 2563 1000 2649 intestinum,
1026 2561 1120 2633 flati-

17 2709 18 2714 ¹
105 2679 177 2751 bus
203 2698 391 2777 perquam
426 2675 652 2766 distentum,
678 2677 884 2776 pressisset.
920 2679 1121 2777 Sanguinis

107 2811 233 2867 autem
255 2793 502 2902 in'membra
524 2797 744 2894 importatio
773 2795 1022 2896 prohibetur,
1055 2813 1120 2902 aut

105 2913 291 2986 minuitur
306 2911 354 2982 ab
379 2913 425 2983 iis
445 2937 527 3009 quae
547 2914 690 2986 arteriae
709 2913 885 3011 imposita
902 2913 1001 2984 hanc
1017 2919 1121 3012 'pre-

107 3046 236 3120 munt;
251 3051 387 3100 verum
405 3028 452 3100 ab
471 3029 552 3102 aliis
575 3031 731 3128 insuper
749 3031 888 3102 causis:
907 3055 1001 3131 quas
1020 3033 1122 3104 inter

106 3159 259 3246 perrara
274 3163 330 3220 est
343 3169 486 3220 carneae
505 3148 640 3219 tunicae
656 3147 801 3220 arteriae
819 3149 937 3247 ipsius
961 3172 1122 3255 gangras·

144 3487 190 3566 (ι)
209 3489 280 3548 Vid.
297 3489 410 3546 Baiter.
426 3489 458 3544 in
472 3490 600 3554 addend.
619 3491 662 3547 ed
672 3509 743 3566 pag.
756 3489 838 3564 662,
856 3480 943 3550 sutri
957 3495 1119 3552 arcessitur.

110 3585 146 3652 at
153 3591 238 3648 Beer.
246 3590 335 3650 math
348 3589 428 3649 stud.
442 3591 519 3649 med.

147 3685 187 3766 (α)
208 3689 279 3747 Vid.
294 3701 362 3746 acta
375 3691 459 3752 erud·
470 3691 550 3767 Lips.
559 3711 608 3748 an.
626 3691 719 3767 1693,
732 3711 773 3748 m.
786 3710 857 3748 nov.
872 3690 904 3748 in
914 3692 1118 3750 relatchirur.

112 3783 225 3845 Barbet.

148 3883 189 3964 (3)
207 3889 282 3949 Obs.
303 3909 359 3961 ιο,
378 3893 394 3962 ς
411 3907 439 3946 r.

150 3983 190 4066 (i)
209 3992 382 4050 comment.
397 3987 429 4046 in
443 3989 549 4048 Beerh.
563 3990 669 4068 aphor.
685 3996 742 4059 [με
757 3988 796 4046 ud
808 3990 853 4048 Bl.
