2746 4662
133 387 204 434 nra.
217 387 267 435 ιν.
281 385 682 451 percontumacia,
696 376 765 434 etc.
777 385 888 440 nrrsr.
904 385 991 435 uvir.
1023 363 1089 466 167

86 503 239 572 Petrum
265 503 437 599 Bayrum.
464 504 637 598 Quorum
661 500 723 572 ille
743 499 802 598 (ι)
831 525 918 572 cum
938 501 1094 598 singulis

87 643 157 718 per
172 619 371 691 biennium
386 619 581 690 mensibus
598 618 713 692 semel
733 620 998 704 evacuatione,
1016 619 1092 690 sin·

89 737 186 834 gulis
209 753 335 809 autem
360 735 608 822 hebdomadis
639 735 698 808 bis
724 741 975 808 minoratione
1004 759 1096 808 usus

89 871 208 942 esset,
227 857 280 926 sic
297 857 526 946 ,curatusfui
535 909 545 942 ‚
562 855 709 952 inquit,
735 869 774 926 et
789 870 982 953 procerte
998 879 1094 926 nun·

89 997 207 1069 quom
218 998 355 1072 possus
379 998 460 1044 sum
479 971 654 1076 podagrae
684 971 845 1044 dolores.
872 977 1012 1070 Bayrus
1029 997 1094 1043 au·

87 1105 167 1162 tem
183 1090 239 1188 (a)
253 1115 339 1162 cum
355 1092 491 1177 octies,
507 1092 603 1188 jam,
621 1105 684 1162 aut
701 1089 826 1163 decies
844 1089 1096 1162 vehementis·
1193 1143 1195 1148 ,

89 1209 196 1282 simis
221 1209 426 1282 laborasset
455 1207 684 1282 cruciatibus
711 1209 884 1278 omnium
917 1208 1077 1279 articulo
1094 1247 1117 1276 ·,

89 1351 200 1414 rum,
220 1341 264 1398 ut
283 1327 400 1400 solam
417 1327 584 1424 linguam
603 1334 756 1398 movere
777 1331 924 1425 posset,
943 1325 1097 1398 iisdem·

90 1470 168 1542 que
190 1457 321 1518 rursus
339 1441 587 1544 affligeretur,
614 1459 766 1544 sumpto
797 1444 1000 1516 electuario
1026 1469 1099 1516 suo-

91 1565 374 1660 caryocostino‚
396 1563 590 1636 ambulare
610 1563 734 1662 potuit
758 1562 892 1634 eodem
913 1562 991 1653 die,
1009 1573 1100 1661 posi·

91 1681 204 1754 tridie
230 1699 355 1754 autem
383 1683 459 1778 jam
485 1682 583 1754 liber
615 1697 721 1753 erat:
742 1681 848 1778 quod
872 1683 983 1753 etiam
1009 1707 1097 1780 pos·

92 1813 150 1872 tea
163 1799 224 1870 bis
240 1801 320 1897 pari
336 1797 510 1870 felicitate
530 1814 707 1896 expertus
724 1813 788 1869 est.
812 1799 914 1888 Quin
932 1798 1097 1898 denique
1127 1881 1129 1885 y

93 1932 341 2015 posteaquam
364 1917 497 1990 eodem
519 1917 725 2015 pharmaco
747 1929 804 1986 ter
824 1917 1007 2011 quaterve
1023 1919 1098 1988 sin·

92 2033 191 2132 gulis
208 2037 318 2108 antris
338 2061 423 2107 cum
442 2033 691 2132 plenitudinis
710 2033 848 2104 indicia
865 2034 1099 2132 perciperet,

92 2154 148 2224 uti
168 2155 368 2251 coepisset,
398 2169 486 2224 sunt
504 2152 616 2224 modo
644 2151 847 2250 plusquam
866 2157 1002 2248 viginti
1031 2177 1099 2224 sex

91 2277 187 2342 anni
195 2326 206 2357 ,
223 2273 368 2369 inquit,
385 2273 519 2369 quibus
537 2271 643 2342 nullo
663 2269 776 2340 modo
792 2297 817 2340 a
836 2269 944 2340 dictis
957 2269 1100 2341 dolori·

93 2391 234 2482 busfiti
249 2387 485 2460 neclectatus:
505 2389 623 2485 idque·
637 2411 714 2458 non
732 2386 852 2458 solum
869 2393 908 2458 in
926 2395 1100 2487 meipsa,

91 2505 160 2580 sed
178 2517 218 2576 m
234 2511 434 2576 innumeris
455 2505 667 2576 hominibus
680 2506 843 2602 probavi
865 2511 1101 2602 experimen-

92 2638 152 2694 to:
172 2622 250 2694 hoc
266 2637 392 2694 autem
411 2637 467 2694 est
481 2620 575 2692 illud
595 2619 694 2691 idem
721 2619 965 2692 electuarium
993 2621 1100 2716 quod

90 2741 336 2838 Capivaccius
354 2754 485 2812 noster
503 2737 561 2835 (3)
581 2742 748 2809 maxime
765 2736 1101 2809 commendandum

90 2883 192 2946 esse,
218 2855 391 2944 dicebat,
410 2859 449 2926 in
477 2853 697 2940 arthritide,
720 2857 817 2924 sicut
846 2860 1101 2951 experimento

79 2977 165 3066 fuit
183 2979 389 3072 soepissime
405 2974 622 3072 probatam.
651 2975 740 3062 Quae
758 2967 876 3044 fusius
906 2970 953 3042 de
981 2975 1108 3069 Bayro‘

91 3091 325 3178 memoravi,
360 3115 408 3160 ne
447 3089 644 3161 Gatinariae
682 3087 828 3160 diceres
859 3089 1109 3186 purgationes

89 3207 252 3282 feliciter
278 3211 450 3296 cessisse,
474 3208 562 3303 quia
584 3220 679 3277 tunc
707 3204 875 3303 podagra
894 3207 1021 3277 vexari
1045 3209 1103 3278 in·
1204 3206 1222 3241 '⁸

93 3324 258 3426 cipiehat
270 3379 280 3412 ,
293 3341 549 3424 praetereaque
568 3338 648 3395 toto
665 3321 733 3392 illo
753 3321 911 3394 biennio
932 3323 1027 3398 nihil
1041 3339 1106 3396 aut

135 3626 178 3707 (1)
199 3627 270 3685 Vid.
281 3629 362 3702 apud
373 3629 483 3685 Donat.
499 3649 525 3686 o.
540 3628 576 3698 8,
596 3645 686 3702 supra
698 3627 737 3683 ad
748 3632 810 3700 ml,
825 3626 874 3684 cit.
1090 3696 1092 3702 Α

133 3723 176 3807 (a)
198 3729 244 3784 De
258 3727 396 3786 medend.
413 3729 496 3784 hum.
513 3747 598 3803 corp.
611 3727 708 3785 malis.
721 3723 835 3784 enchir.
847 3723 917 3783 dist.
935 3743 991 3802 19,
1014 3735 1054 3784 tr.
1070 3744 1109 3800 r,

97 3845 121 3884 c.
139 3847 166 3884 ι.

138 3925 179 4008 (3)
201 3927 317 3986 Consil.
331 3928 438 3991 medic.
457 3924 605 4002 escheli.
619 3926 692 3986 edit.
708 3927 778 4003 aia.
