2824 4652
302 435 372 512 538
424 469 428 478 2
470 466 516 514 nr
544 465 690 514 sturnus
714 467 759 514 er
783 455 908 526 ciuus
933 463 1145 516 uertuntur

298 569 402 645 lento
421 573 588 652 obducta
600 580 816 676 conspexit,
850 579 1030 654 tenuibus
1042 595 1171 654 tamen
1189 583 1303 652 omui·

300 683 374 760 bus
395 689 508 764 simul
528 693 703 792 sphacelo
730 692 889 782 affectis,
915 709 955 770 et
980 695 1197 770 ventriculo
1225 695 1304 793 ipso

299 804 544 882 inflammato:
566 811 786 908 quamvisin
798 813 917 886 altero
935 812 1161 910 dysenteriae
1178 811 1303 886 sedern

300 925 340 996 iu
360 925 445 998 colo
460 925 641 1000 duntaxat
652 981 669 1015 ‚,
686 943 867 1026 rectoque
888 929 1068 1002 intestino
1094 927 1306 1028 deprehen·

196 1097 198 1102 ,
301 1039 408 1115 derit.
427 1047 740 1119 Henrieusautem
754 1009 971 1144 Heuricisr)
984 1048 1023 1120 iu
1034 1045 1180 1122 femina
1195 1070 1305 1144 quarn

303 1159 456 1234 cholera
476 1161 633 1236 morbus
656 1163 1010 1238 vehementissimus
1030 1185 1100 1262 per
1121 1161 1172 1238 35
1199 1163 1307 1236 horas

302 1303 449 1350 summe
490 1279 765 1360 infirmaverat,
806 1295 989 1367 tenuem,
1029 1280 1308 1378 flaccidumque

302 1397 555 1470 ventriculum
584 1401 747 1498 reperit,
775 1399 967 1497 hujusque
999 1423 1211 1497 supernam
1233 1421 1309 1496 par·

303 1529 382 1586 tem
417 1516 561 1588 macula
597 1516 773 1613 quadam*
799 1515 969 1588 allectam
1013 1516 1181 1590 obscure
1211 1515 1309 1625 mlii-

304 1631 428 1704 cunda
439 1687 449 1721 ‚
459 1633 737 1732 sugillationem
751 1634 953 1721 referente,
970 1637 1038 1707 cui·
1048 1634 1195 1707 similes
1206 1648 1307 1705 erant

304 1747 367 1819 hic
382 1747 457 1822 illic
477 1751 516 1820 in
534 1751 619 1824 colo
637 1753 836 1840 intestine,
857 1752 922 1824 sed
940 1755 1120 1824 minores.
1138 1753 1234 1842 Quae
1252 1750 1306 1821 ob

278 1869 466 1940 servatio
495 1866 580 1942 facit
613 1895 662 1943 ne
695 1869 872 1943 hocloco
900 1871 1120 1943 omittamus
1141 1884 1305 1942 nostram

304 1983 458 2058 alterius
486 1981 653 2076 fernim,
686 2013 799 2084 quarn
829 1968 902 2058 alvi
931 1987 1055 2060 fluxus
1087 1987 1304 2070 sustulerat,

304 2093 586 2192 dissectio'nern¹
598 2119 684 2176 aute
698 2119 906 2176 extremum
913 2106 1130 2202 januarium
1141 2103 1304 2178 habitam

233 2200 239 2204 .
304 2219 510 2316 auni1753.
834 2210 836 2218 '

354 2343 389 2410 6.
421 2346 520 2411 Anus
542 2339 592 2410 ab
626 2337 804 2420 diuturna
832 2340 1021 2417 diarrhoea
1047 2339 1095 2416 ad
1122 2362 1304 2412 summam
1396 2318 1401 2329 ¹

305 2454 471 2553 denique
486 2457 792 2546 macritudinem,
809 2459 1023 2556 viriumque
1032 2454 1304 2540 infirmitatem,

304 2587 543 2670 mortemque
570 2573 868 2672 ipsamredactae
898 2574 1057 2650 cadaver
1085 2575 1124 2646 iu
1154 2597 1305 2675 gyrent·

306 2692 405 2790 siupr
433 2689 578 2762 illatum
608 2706 674 2764 est.
702 2690 777 2766 Ubi
811 2696 892 2790 eius
925 2693 1107 2767 duntaxat
1137 2707 1306 2764 ventrem

306 2807 634 2906 perlustravimus,
656 2834 741 2881 etim
760 2830 848 2882 mox
875 2813 982 2885 virile
999 2810 1117 2900 aliud,
1129 2809 1250 2909 idque
1260 2807 1305 2881 ud

307 2942 508 2998 anatomen
526 2927 829 3025 persequendam
842 2929 954 3029 longe
970 2930 1089 3028 magis
1108 2928 1306 3010 idoneum,

306 3046 407 3116 nacti
420 3063 596 3118 essemus.
612 3029 808 3119 Abdomen
829 3047 924 3122 adeo
937 3044 1306 3136 emaciatum,utsub

308 3169 394 3232 cute
413 3186 492 3232 non
510 3162 704 3260 adiposnm
720 3217 730 3253 ,
747 3165 851 3263 quod
865 3167 904 3236 in
921 3164 1146 3238 mulieribus
1165 3165 1228 3238 vel
1243 3187 1309 3234 ma·

212 3308 222 3334 ν
309 3275 455 3351 silentis
484 3295 540 3358 est
564 3285 713 3368 rarum,
745 3283 810 3354 sed
851 3285 1021 3369 inanem,
1063 3282 1145 3354 tetfae
1174 3283 1306 3364 instar,
1400 3278 1404 3349 ἶ

307 3394 566 3468 membranam
600 3397 775 3488 haberet,
801 3402 862 3472 vix
887 3397 1026 3472 alicubi
1048 3399 1204 3498 exiguas
1230 3399 1307 3470 reli·

308 3514 416 3612 quies
442 3513 683 3614 pinguedinis
713 3507 957 3606 retinentem,
987 3541 1073 3590 curu
1102 3531 1305 3590 reseratum
1405 3555 1407 3602 ς

308 3647 382 3720 est,
402 3657 472 3704 nec
489 3632 592 3704 male
606 3631 719 3724 oluit,
748 3657 819 3724 nee
833 3634 978 3732 aliquid
999 3633 1169 3708 ostendit
1195 3635 1305 3706 adno·
1406 3637 1407 3668 ¹

388 4025 397 4060 t
418 4011 496 4066 Iliss.
512 4011 548 4069 de
562 4007 678 4068 cholera
690 4013 811 4087 morbo,
828 4033 853 4070 c.
872 4034 897 4089 r,
913 4018 991 4085 520.
1074 4050 1078 4056 ·
