2700 4660
186 590 196 622 Ι

308 457 381 548 ’.194
475 477 521 524 nn
547 474 693 523 sturnus
718 476 761 522 rr
787 451 910 526 causis
935 477 1143 530 nonsonun

307 591 469 662 ciaverat
491 588 602 660 dolor
625 587 720 661 nulli
740 590 907 662 remedio
928 593 1075 666 cedens.
1113 604 1215 668 Auno
1240 595 1289 667 sic

307 724 459 796 exacto,
476 709 667 780 sinistrum
679 731 833 804 quoque
850 708 1020 780 lumbum
1043 713 1121 807 jam
1143 727 1288 812 coeperat

308 823 420 896 dolor
441 823 639 922 invadere,
663 848 733 894 nec
762 825 913 898 dolores
934 827 974 896 in
1000 829 1205 902 cervicibus
1219 830 1290 900 dee·

306 957 410 1026 rant,
437 943 502 1038 qui
523 941 749 1013 videbantur
780 941 1022 1032 rheumatici‚
1042 970 1127 1016 cum
1151 947 1288 1018 accessit

308 1085 418 1132 crura
435 1059 614 1132 movendi
631 1060 867 1157 impotentia,
883 1059 1050 1160 hydrops
1067 1065 1288 1162 tympanites,

308 1193 456 1250 etmors
473 1176 637 1274 denique
650 1178 922 1252 circamedium
933 1180 1090 1278 aprilem
1099 1184 1187 1252 anui
1200 1181 1286 1280 1753.

306 1295 503 1368 Cadaveris
523 1319 583 1368 eas
600 1310 744 1366 tantum
766 1296 968 1368 exteriores
994 1313 1118 1396 partes
1141 1300 1288 1372 incidere

304 1417 529 1511 permissum
566 1428 620 1484 est
649 1439 730 1510 quae
769 1412 875 1485 sedes
913 1409 1062 1487 fuerant
1096 1416 1291 1515 pertinacis·

306 1533 390 1604 simi
402 1531 620 1604 lumborum
632 1532 830 1602 cruciatus.
839 1531 1023 1630 Itaqueab
1036 1533 1127 1631 ipsis
1141 1533 1291 1606 detracta

306 1665 408 1738 cute,
422 1665 459 1722 et
477 1646 629 1746 adiposa
642 1648 880 1738 membrana,
905 1650 944 1720 in
961 1650 1067 1746 cujus
1085 1650 1227 1724 cellulis
1241 1651 1292 1722 ali·

306 1766 399 1865 quid
409 1793 513 1865 aquae
526 1765 849 1863 conspiciebatur,
867 1765 1091 1864 sublatoque
1100 1770 1227 1868 amplo
1239 1768 1293 1840 illo

305 1885 460 1956 tendine
479 1883 580 1956 unde
606 1886 727 1954 oritur
746 1883 946 1954 latissimus
965 1882 1068 1958 dorsi
1083 1886 1293 1974 musculus,
1339 1947 1340 1950 ,

304 2018 518 2100 neutroque
539 2003 578 2072 iu
600 2001 715 2074 latere
734 2001 810 2094 ulla
831 2001 870 2070 in
893 2017 938 2072 eo
961 2000 1114 2074 teudine
1131 2003 1294 2076 adnotata

304 2121 414 2210 labe,
445 2117 600 2193 eumad
628 2141 793 2190 crassum
828 2116 920 2192 illud
957 2143 1136 2190 carneum
1169 2143 1294 2218 corpus

305 2253 461 2309 ventum
485 2235 668 2333 estquod
696 2259 897 2306 commuue
921 2235 1071 2307 initium
1099 2236 1239 2334 praebet
1254 2261 1294 2308 sa·

267 2349 271 2356 ’
308 2354 505 2428 crolumbo
538 2369 575 2424 et
605 2351 828 2450 longissimo
858 2350 961 2424 dorsi
994 2354 1197 2442 musculis,
1222 2377 1293 2427 ecce

307 2476 346 2546 in
363 2500 408 2546 eo
430 2495 589 2570 corpore
602 2471 775 2541 insolitus
786 2463 941 2568 apparet
957 2471 1083 2560 color,
1102 2473 1249 2570 qualem
1263 2473 1292 2540 in

307 2592 462 2662 vetustis
479 2614 524 2659 ex
544 2589 651 2660 nucis
672 2587 806 2660 arbore
828 2589 1054 2660 constructis
1069 2590 1236 2662 armariis
1250 2588 1293 2657 vi·

309 2709 463 2796 demuS,
484 2732 554 2778 nec
578 2723 703 2778 tamen
732 2707 771 2776 in
792 2720 872 2776 toto
900 2731 945 2776 eo
965 2730 1147 2804 corpore,
1177 2707 1240 2780 sed
1257 2704 1293 2778 ad

309 2824 668 2925 spatiumduutaxat
665 2845 840 2920 qumque
852 2837 1000 2895 circiter
1009 2833 1339 2899 transversorum
1338 2851 1339 2910 t

310 2943 511 3042 digitorum
531 2937 738 3012 secuudum
759 2938 1035 3038 longitudinem
1049 2943 1190 3038 pariter
1202 2955 1238 3014 et
1252 2941 1294 3010 la·

309 3060 530 3134 titudinem:
563 3055 677 3152 idque
702 3082 722 3128 a
749 3054 946 3154 superficie
977 3059 1183 3132 introrsum
1214 3057 1293 3132 adeo

310 3175 541 3277 pertinebat,
562 3188 602 3244 ut
625 3173 664 3244 iu
685 3173 862 3269 subjectis
881 3201 1035 3273 quoque
1059 3177 1239 3250 musculis
1251 3200 1293 3247 sa·

263 3326 266 3330 ·
314 3320 401 3380 cro,
423 3307 460 3362 et
476 3289 659 3387 quadrato
686 3289 904 3365 lumborum
929 3309 1172 3392 spectaretur.
1198 3301 1294 3366 Erant

311 3427 434 3484 autem
464 3407 568 3483 fibrae
595 3425 675 3480 toto
701 3408 872 3505 eoquod
902 3409 1169 3501 iudicavimus,
1193 3411 1293 3510 spatio

309 3530 448 3600 mirum
466 3527 678 3598 in'modum
697 3527 804 3608 laxae,
824 3543 859 3598 et
878 3526 1073 3624 cedenteS‚
1093 3529 1292 3626 crebrisque
1337 3549 1338 3562 ¹

310 3646 515 3741 interjectis
526 3645 738 3742 sanguineis
755 3643 938 3740 grumulis
951 3645 1155 3740 disjunctae.
1176 3653 1219 3718 Et
1231 3646 1292 3716 haec

311 3787 392 3862 quae
409 3762 590 3850 diximus,
612 3762 699 3830 vitia
718 3761 846 3831 omnia
859 3786 904 3832 eo
924 3764 1157 3860 apparebant
1177 3763 1293 3860 magis,
1337 3799 1338 3840 t

212 3977 216 3988 ι
311 3874 1293 3980 quomusculierantspinaepropiores:sedentraillud
1337 3943 1338 3956 ,

308 4001 349 4070 in
375 3997 515 4070 lumbis
545 3996 723 4094 spatium,
756 4019 824 4069 uec
846 3997 974 4092 color,
1000 4022 1072 4070 uec
1100 3998 1290 4099 quidquam
1337 4073 1338 4116 p
