2700 4660
88 464 152 515 mn
167 465 216 516 tv.
233 449 720 528 uruoar1scu1uurs.,etc.
739 442 852 512 urrsr.
867 461 938 514 mx.
968 441 1037 518 285

92 581 143 654 13.
161 586 216 652 Eo
236 579 415 652 libentius
438 577 537 648 hanc
565 575 867 650 observationem
894 581 1042 679 scriptis
1141 585 1146 593 ’

45 697 359 798 mandavi,·qu0d
382 695 456 768 hoc
474 719 623 768 veneno
640 693 926 768 interfectorum
952 723 1042 790 anag

45 832 165 887 tomen
193 814 298 914 apud
326 836 557 912 quemquam
584 813 717 910 legisse
752 837 833 884 non
863 817 1042 904 memini3

44 935 173 1030 sumpti
190 947 318 1003 autem
335 932 440 1027 sigua
464 929 511 1000 ab
529 931 783 1022 recentiorum
802 930 882 1000 ullo
913 931 1046 1004 obser·

43 1066 125 1122 vata.
143 1050 407 1146 Majuresvero
421 1071 500 1117 non
512 1071 645 1120 omues
654 1047 875 1120 hominibus
883 1075 1043 1138 nocere,

43 1169 110 1239 imo
127 1168 247 1265 aliqui
262 1166 440 1264 prodesse
458 1169 699 1264 scripserunt.
721 1165 1043 1255 Rbododendros,

44 1285 158 1383 inquit
184 1284 329 1356 Plinius
353 1283 409 1378 (1)
435 1268 482 1354 ne
497 1275 647 1354 ‘nomen
677 1283 826 1380 quidem
848 1285 955 1383 apud
973 1311 1041 1356 nos
1120 1291 1141 1306 ”

44 1409 168 1474 inuenit
180 1409 359 1489 Latinum
373 1428 384 1472 .·
399 1400 702 1499 rhododaphnen
719 1417 873 1492 vocant,
893 1418 962 1474 aut
975 1429 1040 1474 ne·
1130 1472 1135 1480 .

43 1527 147 1592 rium:
160 1527 298 1592 mirum
311 1575 321 1604 ‚
330 1518 437 1612 folia
457 1521 537 1614 ejus
553 1518 842 1618 quadrupedum
856 1547 1042 1595 uenenum

45 1662 124 1727 esse,
147 1638 295 1710 bomini
308 1635 403 1708 'vero
428 1649 562 1706 contra
591 1653 778 1734 serpentes
798 1638 1040 1736 praesidium,

44 1771 119 1825 ruta
135 1755 306 1827 additae
320 1760 532 1852 vinopota.
551 1757 669 1824 Pecus
685 1759 833 1856 enimet
847 1779 990 1853 cuprce,
1006 1761 1042 1826 si
1149 1796 1155 1804 «

46 1898 173 1970 nquam
187 1875 366 1960 biberint,
380 1875 419 1941 in
436 1871 627 1968 quafoiia
637 1895 682 1943 ea
698 1871 929 1958 maduerint,
943 1879 1042 1944 mori

45 1989 218 2062 dicuntur.
246 1989 393 2082 Quibus
411 1991 511 2060 satis·
523 1989 657 2060 similia
679 1988 877 2088 scripsisse
894 1989 1039 2064 videbis

45 2107 296 2180 Dioscoridem
316 2108 389 2205 (2):
426 2129 551 2204 neque
581 2107 781 2204 Apuleium
812 2107 885 2206 (3),
911 2133 1038 2206 neque

47 2223 127 2297 adeo
143 2251 260 2324 quem
278 2241 370 2296 tunc
387 2221 464 2295 fere
484 2223 740 2314 describebat,
758 2226 966 2297 Lucianum
984 2226 1037 2323 (Δ)

45 2339 121 2414 hinc
133 2346 209 2418 nisi
225 2332 429 2417 bestiarum
442 2343 650 2440 perniciem
668 2353 908 2416 memorasse.
926 2349 1035 2418 Certe
1095 2356 1103 2378 ‘

45 2459 96 2533 ille
121 2462 268 2535 fruticis
309 2461 423 2558 hujus
462 2457 595 2550 flores,
628 2485 726 2558 quos
760 2462 897 2560 vulgus
931 2487 1036 2534 rosas
1104 2459 1106 2464 ’

46 2581 197 2651 laureas
215 2579 440 2678 appellaret,
460 2603 646 2651 vestanum
669 2578 823 2676 quidem
851 2585 1038 2650 rosarium

46 2691 144 2786 dixit,
176 2697 245 2770 sed
272 2696 511 2794 quia'cuncto
541 2681 674 2792 pecori
695 2697 795 2767 cibus
822 2720 950 2766 earum
984 2695 1037 2766 le-

47 2809 143 2884 thalis
159 2819 219 2885 sit.
239 2815 341 2903 Quin
359 2815 547 2884 Lucianus
568 2839 616 2884 ne
635 2799 951 2910 cunctisquidem
964 2813 1037 2885 illis
1116 2823 1118 2828 ‘

47 2930 277 3020 animalibus,
298 2930 363 3004 sed
383 2931 495 3002 asinis
512 2931 710 3017 duntaxat,
730 2945 767 3002 et
786 2930 892 3026 equis
911 2930 1036 3027 perni-
1104 2935 1106 2951 “

48 3045 178 3140 ciosum
198 3073 278 3120 esse
303 3049 513 3146 scripserat.
534 3047 710 3126 Fideliter
736 3045 837 3118 enim
851 3047 965 3120 latine
984 3049 1036 3120 sic

47 3163 308 3238 reddiderunt:
339 3165 460 3236 mulus
481 3166 583 3236 estis
609 3166 723 3235 cibus
737 3171 844 3236 asino
864 3172 967 3236 omni
974 3221 983 3256 ,
1000 3181 1037 3237 et

48 3303 153 3376 equo:
175 3309 272 3354 nam·
285 3308 369 3354 eum
388 3288 454 3381 qui
472 3307 520 3353 en
537 3306 580 3353 eo
598 3282 818 3373 comederit,
840 3286 1034 3381 evestigio

92 3680 117 3758 1)
135 3685 205 3740 Nat.
222 3681 292 3738 hist.
310 3683 331 3736 l.
351 3689 405 3752 al,
419 3701 445 3737 c.
462 3701 508 3740 ιι.
530 3680 717 3760 (54Hard.)

91 3795 117 3872 a)
135 3799 179 3854 De
192 3797 270 3854 med.
286 3809 356 3853 mat.
370 3798 392 3852 l.
407 3801 439 3868 l,
455 3817 537 3868 e.77.
593 3845 596 3850 .

91 3907 105 3963 3

107 3907 118 3984 l
136 3906 335 3985 Metamorph.
354 3911 374 3966 l.
391 3917 539 3987 4,prope
555 3910 684 3968 initium.

79 4015 118 4100 (l)
137 4025 173 4080 In
189 4021 299 4098 Lucio,
311 4023 372 4082 sive
386 4023 479 4083 asino.
493 4075 507 4088 ,
