<?xml version="1.0" encoding="UTF-8"?>
<!DOCTYPE html PUBLIC "-//W3C//DTD XHTML 1.0 Transitional//EN"
    "http://www.w3.org/TR/xhtml1/DTD/xhtml1-transitional.dtd">
<html xmlns="http://www.w3.org/1999/xhtml" xml:lang="en" lang="en">
 <head>
  <title>
</title>
<meta http-equiv="Content-Type" content="text/html;charset=utf-8" />
  <meta name='ocr-system' content='tesseract 3.04.00' />
  <meta name='ocr-capabilities' content='ocr_page ocr_carea ocr_par ocr_line ocrx_word'/>
</head>
<body>
  <div class='ocr_page' id='page_1' title='image "./desedibusetcaus02adelgoog_0640.png"; bbox 0 0 2836 4648; ppageno 0'>
   <div class='ocr_carea' id='block_1_1' title="bbox 11 400 1118 502">
    <p class='ocr_par' dir='ltr' id='par_1_1' title="bbox 11 400 1118 502">
     <span class='ocr_line' id='line_1_1' title="bbox 11 400 1118 502; baseline 0.004 -27"><span class='ocrx_word' id='word_1_1' title='bbox 11 482 15 494; x_wconf 36' lang='grc' dir='ltr'>ι</span> <span class='ocrx_word' id='word_1_2' title='bbox 121 425 191 476; x_wconf 71' lang='grc' dir='ltr'>ΗΒ.</span> <span class='ocrx_word' id='word_1_3' title='bbox 202 416 1034 480; x_wconf 72' lang='lat' dir='ltr'>v.nztnnu1t1›1stnt1nsursnmn.tt³tsr.txtx</span> <span class='ocrx_word' id='word_1_4' title='bbox 1048 400 1118 502; x_wconf 72' lang='grc'>607</span> 
     </span>
    </p>
   </div>
   <div class='ocr_carea' id='block_1_2' title="bbox 4 530 1125 870">
    <p class='ocr_par' dir='ltr' id='par_1_2' title="bbox 2 519 1125 877">
     <span class='ocr_line' id='line_1_2' title="bbox 4 530 1125 668; baseline 0.004 -58"><span class='ocrx_word' id='word_1_5' title='bbox 4 624 33 650; x_wconf 40' lang='grc' dir='ltr'><strong>Ἰ</strong></span> <span class='ocrx_word' id='word_1_6' title='bbox 121 538 273 626; x_wconf 84' lang='lat' dir='ltr'>fluentis</span> <span class='ocrx_word' id='word_1_7' title='bbox 291 535 482 668; x_wconf 85' lang='lat' dir='ltr'>sanguinis</span> <span class='ocrx_word' id='word_1_8' title='bbox 501 530 749 657; x_wconf 79' lang='lat' dir='ltr'>effusionem,</span> <span class='ocrx_word' id='word_1_9' title='bbox 772 561 857 608; x_wconf 90' lang='lat' dir='ltr'>cum</span> <span class='ocrx_word' id='word_1_10' title='bbox 875 537 938 612; x_wconf 88' lang='lat' dir='ltr'>hic</span> <span class='ocrx_word' id='word_1_11' title='bbox 957 567 1036 614; x_wconf 90' lang='lat' dir='ltr'>non</span> <span class='ocrx_word' id='word_1_12' title='bbox 1054 567 1125 641; x_wconf 86' lang='lat' dir='ltr'>po-</span> 
     </span>
     <span class='ocr_line' id='line_1_3' title="bbox 12 590 1124 766; baseline 0.004 -38"><span class='ocrx_word' id='word_1_13' title='bbox 12 656 32 766; x_wconf 56' lang='lat'><em>]</em></span> <span class='ocrx_word' id='word_1_14' title='bbox 121 657 256 745; x_wconf 86' lang='lat' dir='ltr'>tuerit,</span> <span class='ocrx_word' id='word_1_15' title='bbox 277 656 375 726; x_wconf 81' lang='lat' dir='ltr'>utin</span> <span class='ocrx_word' id='word_1_16' title='bbox 399 667 530 726; x_wconf 87' lang='lat' dir='ltr'>nostra</span> <span class='ocrx_word' id='word_1_17' title='bbox 551 590 847 728; x_wconf 80' lang='lat' dir='ltr'>observatibne</span> <span class='ocrx_word' id='word_1_18' title='bbox 837 671 937 728; x_wconf 89' lang='lat' dir='ltr'>mter</span> <span class='ocrx_word' id='word_1_19' title='bbox 958 661 1124 759; x_wconf 82' lang='lat' dir='ltr'>pericar-</span> 
     </span>
     <span class='ocr_line' id='line_1_4' title="bbox 120 767 1121 870; baseline 0.003 -23.684"><span class='ocrx_word' id='word_1_20' title='bbox 120 773 227 846; x_wconf 93' lang='lat' dir='ltr'>dium</span> <span class='ocrx_word' id='word_1_21' title='bbox 258 788 296 844; x_wconf 90' lang='lat' dir='ltr'>et</span> <span class='ocrx_word' id='word_1_22' title='bbox 323 796 390 844; x_wconf 89' lang='lat' dir='ltr'>cor</span> <span class='ocrx_word' id='word_1_23' title='bbox 421 769 661 863; x_wconf 84' lang='lat' dir='ltr'>subsistere,</span> <span class='ocrx_word' id='word_1_24' title='bbox 674 769 845 870; x_wconf 90' lang='lat' dir='ltr'>illudque</span> <span class='ocrx_word' id='word_1_25' title='bbox 886 767 1121 864; x_wconf 82' lang='lat' dir='ltr'>distendere,</span> 
     </span>
    </p>
   </div>
   <div class='ocr_carea' id='block_1_3' title="bbox 119 886 1125 988">
    <p class='ocr_par' dir='ltr' id='par_1_3' title="bbox 1 886 1125 997">
     <span class='ocr_line' id='line_1_5' title="bbox 119 886 1125 988; baseline 0.005 -25.37"><span class='ocrx_word' id='word_1_26' title='bbox 119 890 195 962; x_wconf 91' lang='lat' dir='ltr'>hoc</span> <span class='ocrx_word' id='word_1_27' title='bbox 211 913 406 988; x_wconf 88' lang='lat' dir='ltr'>premere,</span> <span class='ocrx_word' id='word_1_28' title='bbox 431 887 632 959; x_wconf 90' lang='lat' dir='ltr'>discrimen</span> <span class='ocrx_word' id='word_1_29' title='bbox 652 886 690 958; x_wconf 94' lang='lat' dir='ltr'>id</span> <span class='ocrx_word' id='word_1_30' title='bbox 710 890 907 978; x_wconf 89' lang='lat' dir='ltr'>exstitisse,</span> <span class='ocrx_word' id='word_1_31' title='bbox 935 888 1062 982; x_wconf 88' lang='lat' dir='ltr'>facile,</span> <span class='ocrx_word' id='word_1_32' title='bbox 1080 909 1125 969; x_wconf 85' lang='lat' dir='ltr'>ut</span> 
     </span>
    </p>
   </div>
   <div class='ocr_carea' id='block_1_4' title="bbox 2 997 1122 1230">
    <p class='ocr_par' dir='ltr' id='par_1_4' title="bbox 2 997 1122 1230">
     <span class='ocr_line' id='line_1_6' title="bbox 10 997 1122 1108; baseline 0 -26"><span class='ocrx_word' id='word_1_33' title='bbox 10 997 18 1030; x_wconf 67' lang='lat'><strong><em>⁹</em></strong></span> <span class='ocrx_word' id='word_1_34' title='bbox 118 1009 277 1106; x_wconf 88' lang='lat' dir='ltr'>opinor,</span> <span class='ocrx_word' id='word_1_35' title='bbox 291 1004 527 1078; x_wconf 85' lang='lat' dir='ltr'>existimabis</span> <span class='ocrx_word' id='word_1_36' title='bbox 549 1003 706 1096; x_wconf 86' lang='lat' dir='ltr'>Quodsi</span> <span class='ocrx_word' id='word_1_37' title='bbox 723 1003 853 1096; x_wconf 86' lang='lat' dir='ltr'>facias,</span> <span class='ocrx_word' id='word_1_38' title='bbox 868 1009 1122 1108; x_wconf 84' lang='lat' dir='ltr'>exutriusque</span> 
     </span>
     <span class='ocr_line' id='line_1_7' title="bbox 2 1104 1121 1230; baseline 0.002 -34"><span class='ocrx_word' id='word_1_39' title='bbox 2 1104 35 1176; x_wconf 44' lang='grc' dir='ltr'>’ἶ</span> <span class='ocrx_word' id='word_1_40' title='bbox 118 1121 235 1220; x_wconf 86' lang='lat' dir='ltr'>hujus</span> <span class='ocrx_word' id='word_1_41' title='bbox 253 1121 528 1197; x_wconf 83' lang='lat' dir='ltr'>observationis</span> <span class='ocrx_word' id='word_1_42' title='bbox 542 1121 823 1230; x_wconf 84' lang='lat' dir='ltr'>comparatione</span> <span class='ocrx_word' id='word_1_43' title='bbox 843 1122 1000 1197; x_wconf 90' lang='lat' dir='ltr'>habebis</span> <span class='ocrx_word' id='word_1_44' title='bbox 1018 1126 1121 1198; x_wconf 91' lang='lat' dir='ltr'>unde</span> 
     </span>
    </p>
   </div>
   <div class='ocr_carea' id='block_1_5' title="bbox 0 1227 1121 1580">
    <p class='ocr_par' dir='ltr' id='par_1_5' title="bbox 0 1227 1121 1580">
     <span class='ocr_line' id='line_1_8' title="bbox 1 1227 1119 1338; baseline 0.004 -26"><span class='ocrx_word' id='word_1_45' title='bbox 1 1227 25 1277; x_wconf 37' lang='lat'>³³⁵</span> <span class='ocrx_word' id='word_1_46' title='bbox 118 1241 216 1314; x_wconf 89' lang='lat' dir='ltr'>illud</span> <span class='ocrx_word' id='word_1_47' title='bbox 229 1238 429 1313; x_wconf 90' lang='lat' dir='ltr'>confirmes</span> <span class='ocrx_word' id='word_1_48' title='bbox 441 1239 545 1338; x_wconf 91' lang='lat' dir='ltr'>quod</span> <span class='ocrx_word' id='word_1_49' title='bbox 557 1236 645 1310; x_wconf 89' lang='lat' dir='ltr'>alibi</span> <span class='ocrx_word' id='word_1_50' title='bbox 655 1239 813 1336; x_wconf 89' lang='lat' dir='ltr'>(1)inter</span> <span class='ocrx_word' id='word_1_51' title='bbox 827 1257 976 1314; x_wconf 76' lang='lat' dir='ltr'>caeteras</span> <span class='ocrx_word' id='word_1_52' title='bbox 990 1269 1119 1336; x_wconf 84' lang='lat' dir='ltr'>causas</span> 
     </span>
     <span class='ocr_line' id='line_1_9' title="bbox 0 1355 1120 1459; baseline 0.003 -30"><span class='ocrx_word' id='word_1_53' title='bbox 0 1362 24 1390; x_wconf 63' lang='lat'>¹*</span> <span class='ocrx_word' id='word_1_54' title='bbox 120 1359 342 1459; x_wconf 87' lang='lat' dir='ltr'>posuimus,</span> <span class='ocrx_word' id='word_1_55' title='bbox 360 1383 434 1428; x_wconf 91' lang='lat' dir='ltr'>cur</span> <span class='ocrx_word' id='word_1_56' title='bbox 449 1357 568 1428; x_wconf 90' lang='lat' dir='ltr'>multo</span> <span class='ocrx_word' id='word_1_57' title='bbox 585 1355 710 1426; x_wconf 89' lang='lat' dir='ltr'>minor</span> <span class='ocrx_word' id='word_1_58' title='bbox 731 1359 829 1429; x_wconf 88' lang='lat' dir='ltr'>inter</span> <span class='ocrx_word' id='word_1_59' title='bbox 847 1360 1098 1455; x_wconf 87' lang='lat' dir='ltr'>pericardium</span> <span class='ocrx_word' id='word_1_60' title='bbox 1108 1415 1120 1450; x_wconf 93' lang='lat'>,</span> 
     </span>
     <span class='ocr_line' id='line_1_10' title="bbox 0 1467 1121 1580; baseline 0.005 -33"><span class='ocrx_word' id='word_1_61' title='bbox 0 1467 18 1576; x_wconf 63' lang='lat' dir='ltr'>&#39;j‘</span> <span class='ocrx_word' id='word_1_62' title='bbox 27 1529 29 1536; x_wconf 26' lang='grc' dir='ltr'><strong>ι</strong></span> <span class='ocrx_word' id='word_1_63' title='bbox 119 1499 236 1575; x_wconf 89' lang='lat' dir='ltr'>quam</span> <span class='ocrx_word' id='word_1_64' title='bbox 255 1476 445 1574; x_wconf 90' lang='lat' dir='ltr'>plerisque</span> <span class='ocrx_word' id='word_1_65' title='bbox 461 1473 590 1546; x_wconf 91' lang='lat' dir='ltr'>aliisin</span> <span class='ocrx_word' id='word_1_66' title='bbox 602 1472 712 1563; x_wconf 90' lang='lat' dir='ltr'>locis,</span> <span class='ocrx_word' id='word_1_67' title='bbox 729 1473 998 1574; x_wconf 66' lang='lat' dir='ltr'>haemorrhagian</span> <span class='ocrx_word' id='word_1_68' title='bbox 1009 1478 1121 1580; x_wconf 86' lang='lat' dir='ltr'>longe</span> 
     </span>
    </p>
   </div>
   <div class='ocr_carea' id='block_1_6' title="bbox 33 1587 1119 1807">
    <p class='ocr_par' dir='ltr' id='par_1_6' title="bbox 4 1585 1119 1807">
     <span class='ocr_line' id='line_1_11' title="bbox 117 1587 644 1667; baseline 0.011 -11.764"><span class='ocrx_word' id='word_1_69' title='bbox 117 1594 229 1667; x_wconf 86' lang='lat' dir='ltr'>citius</span> <span class='ocrx_word' id='word_1_70' title='bbox 248 1593 444 1664; x_wconf 83' lang='lat' dir='ltr'>interitum</span> <span class='ocrx_word' id='word_1_71' title='bbox 469 1587 610 1661; x_wconf 84' lang='lat' dir='ltr'>afferat.</span> <span class='ocrx_word' id='word_1_72' title='bbox 641 1639 644 1646; x_wconf 78' lang='lat'>,</span> 
     </span>
     <span class='ocr_line' id='line_1_12' title="bbox 33 1702 1119 1807; baseline 0.006 -29"><span class='ocrx_word' id='word_1_73' title='bbox 33 1702 36 1710; x_wconf 80' lang='grc'>’</span> <span class='ocrx_word' id='word_1_74' title='bbox 106 1753 108 1760; x_wconf 83' lang='grc'><strong><em>·</em></strong></span> <span class='ocrx_word' id='word_1_75' title='bbox 168 1711 202 1782; x_wconf 87' lang='grc'>6.</span> <span class='ocrx_word' id='word_1_76' title='bbox 221 1711 332 1804; x_wconf 82' lang='lat' dir='ltr'>Dixi,</span> <span class='ocrx_word' id='word_1_77' title='bbox 355 1733 469 1806; x_wconf 89' lang='lat' dir='ltr'>quam</span> <span class='ocrx_word' id='word_1_78' title='bbox 492 1707 683 1807; x_wconf 77' lang='lat' dir='ltr'>plerisque</span> <span class='ocrx_word' id='word_1_79' title='bbox 701 1707 781 1779; x_wconf 84' lang='lat' dir='ltr'>aliis</span> <span class='ocrx_word' id='word_1_80' title='bbox 796 1707 836 1779; x_wconf 92' lang='lat' dir='ltr'>in</span> <span class='ocrx_word' id='word_1_81' title='bbox 855 1709 970 1800; x_wconf 91' lang='lat' dir='ltr'>locis,</span> <span class='ocrx_word' id='word_1_82' title='bbox 988 1728 1025 1784; x_wconf 88' lang='lat' dir='ltr'>et</span> <span class='ocrx_word' id='word_1_83' title='bbox 1041 1712 1119 1786; x_wconf 86' lang='lat' dir='ltr'>dixi</span> 
     </span>
    </p>
   </div>
   <div class='ocr_carea' id='block_1_7' title="bbox 1 1823 1217 2274">
    <p class='ocr_par' dir='ltr' id='par_1_7' title="bbox 1 1823 1217 2274">
     <span class='ocr_line' id='line_1_13' title="bbox 1 1823 1120 1927; baseline 0.002 -26"><span class='ocrx_word' id='word_1_84' title='bbox 1 1823 36 1926; x_wconf 50' lang='lat' dir='ltr'>if</span> <span class='ocrx_word' id='word_1_85' title='bbox 117 1830 208 1902; x_wconf 89' lang='lat' dir='ltr'>item</span> <span class='ocrx_word' id='word_1_86' title='bbox 232 1829 331 1898; x_wconf 90' lang='lat' dir='ltr'>iuter</span> <span class='ocrx_word' id='word_1_87' title='bbox 363 1839 511 1897; x_wconf 85' lang='lat' dir='ltr'>caeteras</span> <span class='ocrx_word' id='word_1_88' title='bbox 536 1847 679 1914; x_wconf 83' lang='lat' dir='ltr'>causas,</span> <span class='ocrx_word' id='word_1_89' title='bbox 705 1847 792 1896; x_wconf 87' lang='lat' dir='ltr'>non·</span> <span class='ocrx_word' id='word_1_90' title='bbox 803 1825 981 1924; x_wconf 87' lang='lat' dir='ltr'>ignorans</span> <span class='ocrx_word' id='word_1_91' title='bbox 1006 1855 1120 1927; x_wconf 87' lang='lat' dir='ltr'>quam</span> 
     </span>
     <span class='ocr_line' id='line_1_14' title="bbox 4 1943 1120 2042; baseline 0.001 -24"><span class='ocrx_word' id='word_1_92' title='bbox 4 1945 36 1990; x_wconf 64' lang='lat'>&#39;²&#39;</span> <span class='ocrx_word' id='word_1_93' title='bbox 117 1945 290 2018; x_wconf 86' lang='lat' dir='ltr'>celeriter</span> <span class='ocrx_word' id='word_1_94' title='bbox 306 1945 368 2016; x_wconf 83' lang='lat' dir='ltr'>vel</span> <span class='ocrx_word' id='word_1_95' title='bbox 386 1967 528 2042; x_wconf 90' lang='lat' dir='ltr'>paucus</span> <span class='ocrx_word' id='word_1_96' title='bbox 548 1944 646 2014; x_wconf 88' lang='lat' dir='ltr'>iutra</span> <span class='ocrx_word' id='word_1_97' title='bbox 667 1943 838 2014; x_wconf 90' lang='lat' dir='ltr'>cranium</span> <span class='ocrx_word' id='word_1_98' title='bbox 861 1946 1026 2042; x_wconf 90' lang='lat' dir='ltr'>sanguis,</span> <span class='ocrx_word' id='word_1_99' title='bbox 1057 1963 1120 2019; x_wconf 89' lang='lat' dir='ltr'>aut</span> 
     </span>
     <span class='ocr_line' id='line_1_15' title="bbox 120 2049 1217 2162; baseline 0 -26"><span class='ocrx_word' id='word_1_100' title='bbox 120 2063 327 2162; x_wconf 88' lang='lat' dir='ltr'>plurimus,</span> <span class='ocrx_word' id='word_1_101' title='bbox 358 2061 430 2134; x_wconf 90' lang='lat' dir='ltr'>sed</span> <span class='ocrx_word' id='word_1_102' title='bbox 449 2062 510 2132; x_wconf 92' lang='lat' dir='ltr'>vel</span> <span class='ocrx_word' id='word_1_103' title='bbox 538 2062 578 2130; x_wconf 90' lang='lat' dir='ltr'>in</span> <span class='ocrx_word' id='word_1_104' title='bbox 609 2049 779 2133; x_wconf 81' lang='lat' dir='ltr'>ventre&#39;m</span> <span class='ocrx_word' id='word_1_105' title='bbox 808 2061 931 2159; x_wconf 89' lang='lat' dir='ltr'>ipsum</span> <span class='ocrx_word' id='word_1_106' title='bbox 963 2059 1122 2158; x_wconf 85' lang='lat' dir='ltr'>effusus,</span> <span class='ocrx_word' id='word_1_107' title='bbox 1179 2123 1182 2142; x_wconf 83' lang='lat'>.</span> <span class='ocrx_word' id='word_1_108' title='bbox 1212 2115 1217 2126; x_wconf 68' lang='lat'>,</span> 
     </span>
     <span class='ocr_line' id='line_1_16' title="bbox 2 2167 1122 2274; baseline 0.004 -24"><span class='ocrx_word' id='word_1_109' title='bbox 2 2167 36 2222; x_wconf 72' lang='lat'>⁵&#39;&#39;²</span> <span class='ocrx_word' id='word_1_110' title='bbox 120 2180 296 2250; x_wconf 88' lang='lat' dir='ltr'>homines</span> <span class='ocrx_word' id='word_1_111' title='bbox 326 2179 443 2250; x_wconf 90' lang='lat' dir='ltr'>soleat</span> <span class='ocrx_word' id='word_1_112' title='bbox 471 2175 680 2270; x_wconf 83' lang='lat' dir='ltr'>conficere,</span> <span class='ocrx_word' id='word_1_113' title='bbox 706 2191 856 2274; x_wconf 89' lang='lat' dir='ltr'>utputa</span> <span class='ocrx_word' id='word_1_114' title='bbox 881 2204 902 2250; x_wconf 91' lang='lat' dir='ltr'>a</span> <span class='ocrx_word' id='word_1_115' title='bbox 930 2180 1027 2254; x_wconf 89' lang='lat' dir='ltr'>liene</span> <span class='ocrx_word' id='word_1_116' title='bbox 1047 2181 1122 2254; x_wconf 80' lang='lat' dir='ltr'>dis-</span> 
     </span>
    </p>
   </div>
   <div class='ocr_carea' id='block_1_8' title="bbox 119 2293 1121 2514">
    <p class='ocr_par' dir='ltr' id='par_1_8' title="bbox 119 2293 1121 2514">
     <span class='ocr_line' id='line_1_17' title="bbox 119 2293 1121 2394; baseline 0.003 -25"><span class='ocrx_word' id='word_1_117' title='bbox 119 2310 255 2394; x_wconf 90' lang='lat' dir='ltr'>rupt0,</span> <span class='ocrx_word' id='word_1_118' title='bbox 272 2294 310 2366; x_wconf 93' lang='lat' dir='ltr'>id</span> <span class='ocrx_word' id='word_1_119' title='bbox 323 2293 427 2392; x_wconf 87' lang='lat' dir='ltr'>quod</span> <span class='ocrx_word' id='word_1_120' title='bbox 443 2321 488 2368; x_wconf 88' lang='lat' dir='ltr'>ex</span> <span class='ocrx_word' id='word_1_121' title='bbox 506 2294 680 2392; x_wconf 90' lang='lat' dir='ltr'>pluribus</span> <span class='ocrx_word' id='word_1_122' title='bbox 694 2317 899 2393; x_wconf 87' lang='lat' dir='ltr'>cognosces</span> <span class='ocrx_word' id='word_1_123' title='bbox 915 2323 1042 2370; x_wconf 86' lang='lat' dir='ltr'>earum</span> <span class='ocrx_word' id='word_1_124' title='bbox 1054 2299 1121 2372; x_wconf 90' lang='lat' dir='ltr'>ob·</span> 
     </span>
     <span class='ocr_line' id='line_1_18' title="bbox 120 2413 1120 2514; baseline 0.004 -28"><span class='ocrx_word' id='word_1_125' title='bbox 120 2415 395 2500; x_wconf 89' lang='lat' dir='ltr'>servationum,</span> <span class='ocrx_word' id='word_1_126' title='bbox 410 2437 521 2510; x_wconf 83' lang='lat' dir='ltr'>quas,</span> <span class='ocrx_word' id='word_1_127' title='bbox 540 2428 584 2484; x_wconf 91' lang='lat' dir='ltr'>ut</span> <span class='ocrx_word' id='word_1_128' title='bbox 611 2413 843 2514; x_wconf 83' lang='lat' dir='ltr'>perlegeres,</span> <span class='ocrx_word' id='word_1_129' title='bbox 866 2415 954 2504; x_wconf 89' lang='lat' dir='ltr'>tibi,</span> <span class='ocrx_word' id='word_1_130' title='bbox 969 2441 1056 2490; x_wconf 87' lang='lat' dir='ltr'>cum</span> <span class='ocrx_word' id='word_1_131' title='bbox 1073 2417 1120 2490; x_wconf 89' lang='lat' dir='ltr'>de</span> 
     </span>
    </p>
   </div>
   <div class='ocr_carea' id='block_1_9' title="bbox 0 2528 1122 2865">
    <p class='ocr_par' dir='ltr' id='par_1_9' title="bbox 0 2523 1122 2865">
     <span class='ocr_line' id='line_1_19' title="bbox 0 2528 1121 2626; baseline 0.009 -30"><span class='ocrx_word' id='word_1_132' title='bbox 0 2561 34 2596; x_wconf 62' lang='grc' dir='ltr'><strong>ι</strong></span> <span class='ocrx_word' id='word_1_133' title='bbox 121 2528 261 2602; x_wconf 87' lang='lat' dir='ltr'>ictibus</span> <span class='ocrx_word' id='word_1_134' title='bbox 280 2531 421 2600; x_wconf 91' lang='lat' dir='ltr'>ventris</span> <span class='ocrx_word' id='word_1_135' title='bbox 440 2530 692 2626; x_wconf 81' lang='lat' dir='ltr'>scriberem(2</span> <span class='ocrx_word' id='word_1_136' title='bbox 696 2529 893 2625; x_wconf 86' lang='lat' dir='ltr'>)iudicavi</span> <span class='ocrx_word' id='word_1_137' title='bbox 911 2535 1032 2623; x_wconf 87' lang='lat' dir='ltr'>Quas</span> <span class='ocrx_word' id='word_1_138' title='bbox 1024 2549 1121 2606; x_wconf 87' lang='lat' dir='ltr'>mter</span> 
     </span>
     <span class='ocr_line' id='line_1_20' title="bbox 120 2643 1120 2749; baseline 0.005 -31.367"><span class='ocrx_word' id='word_1_139' title='bbox 120 2671 153 2718; x_wconf 86' lang='lat' dir='ltr'>sr</span> <span class='ocrx_word' id='word_1_140' title='bbox 141 2643 260 2717; x_wconf 86' lang='lat' dir='ltr'>&#39;forte</span> <span class='ocrx_word' id='word_1_141' title='bbox 271 2644 443 2717; x_wconf 89' lang='lat' dir='ltr'>deessent</span> <span class='ocrx_word' id='word_1_142' title='bbox 440 2646 592 2746; x_wconf 80' lang='lat' dir='ltr'>(neque</span> <span class='ocrx_word' id='word_1_143' title='bbox 607 2649 707 2716; x_wconf 90' lang='lat' dir='ltr'>enim</span> <span class='ocrx_word' id='word_1_144' title='bbox 719 2671 849 2720; x_wconf 89' lang='lat' dir='ltr'>rursus</span> <span class='ocrx_word' id='word_1_145' title='bbox 860 2665 966 2721; x_wconf 88' lang='lat' dir='ltr'>vacat</span> <span class='ocrx_word' id='word_1_146' title='bbox 975 2651 1120 2749; x_wconf 77' lang='lat' dir='ltr'>singula</span> 
     </span>
     <span class='ocr_line' id='line_1_21' title="bbox 0 2734 1122 2865; baseline 0.011 -36"><span class='ocrx_word' id='word_1_147' title='bbox 0 2805 1 2822; x_wconf 77' lang='grc'><strong>.</strong></span> <span class='ocrx_word' id='word_1_148' title='bbox 120 2762 331 2858; x_wconf 88' lang='lat' dir='ltr'>inquirere)</span> <span class='ocrx_word' id='word_1_149' title='bbox 350 2785 430 2858; x_wconf 89' lang='lat' dir='ltr'>quae</span> <span class='ocrx_word' id='word_1_150' title='bbox 454 2782 475 2832; x_wconf 87' lang='lat' dir='ltr'>a</span> <span class='ocrx_word' id='word_1_151' title='bbox 501 2761 683 2833; x_wconf 86' lang='lat' dir='ltr'>Michaele</span> <span class='ocrx_word' id='word_1_152' title='bbox 692 2734 950 2836; x_wconf 85' lang='lat' dir='ltr'>Vanselowio</span> <span class='ocrx_word' id='word_1_153' title='bbox 965 2767 1043 2865; x_wconf 81' lang='grc'>(3),</span> <span class='ocrx_word' id='word_1_154' title='bbox 1058 2783 1122 2840; x_wconf 88' lang='lat' dir='ltr'>aut</span> 
     </span>
    </p>
   </div>
   <div class='ocr_carea' id='block_1_10' title="bbox 6 2877 1120 3218">
    <p class='ocr_par' dir='ltr' id='par_1_10' title="bbox 6 2877 1120 3218">
     <span class='ocr_line' id='line_1_22' title="bbox 119 2877 1116 2978; baseline 0.009 -29"><span class='ocrx_word' id='word_1_155' title='bbox 119 2877 169 2950; x_wconf 89' lang='lat' dir='ltr'>ab</span> <span class='ocrx_word' id='word_1_156' title='bbox 184 2883 215 2949; x_wconf 89' lang='lat' dir='ltr'>J</span> <span class='ocrx_word' id='word_1_157' title='bbox 233 2878 434 2954; x_wconf 84' lang='lat' dir='ltr'>Valentino</span> <span class='ocrx_word' id='word_1_158' title='bbox 448 2877 624 2950; x_wconf 77' lang='lat' dir='ltr'>scheidio</span> <span class='ocrx_word' id='word_1_159' title='bbox 641 2879 695 2976; x_wconf 79' lang='grc'>(4)</span> <span class='ocrx_word' id='word_1_160' title='bbox 712 2881 915 2978; x_wconf 86' lang='lat' dir='ltr'>propositae</span> <span class='ocrx_word' id='word_1_161' title='bbox 931 2899 1036 2972; x_wconf 89' lang='lat' dir='ltr'>sunt,</span> <span class='ocrx_word' id='word_1_162' title='bbox 1058 2884 1116 2960; x_wconf 82' lang='lat' dir='ltr'>fae</span> 
     </span>
     <span class='ocr_line' id='line_1_23' title="bbox 6 2995 1055 3102; baseline 0.008 -37"><span class='ocrx_word' id='word_1_163' title='bbox 6 3045 8 3055; x_wconf 72' lang='lat'>,</span> <span class='ocrx_word' id='word_1_164' title='bbox 119 2995 271 3083; x_wconf 81' lang='lat' dir='ltr'>videas,</span> <span class='ocrx_word' id='word_1_165' title='bbox 285 3019 406 3068; x_wconf 85' lang='lat' dir='ltr'>veraa</span> <span class='ocrx_word' id='word_1_166' title='bbox 425 3021 486 3066; x_wconf 93' lang='lat' dir='ltr'>me</span> <span class='ocrx_word' id='word_1_167' title='bbox 502 2995 594 3084; x_wconf 90' lang='lat' dir='ltr'>dici,</span> <span class='ocrx_word' id='word_1_168' title='bbox 612 3010 717 3068; x_wconf 91' lang='lat' dir='ltr'>tauto</span> <span class='ocrx_word' id='word_1_169' title='bbox 731 2999 847 3096; x_wconf 85' lang='lat' dir='ltr'>magis</span> <span class='ocrx_word' id='word_1_170' title='bbox 860 3000 1055 3102; x_wconf 92' lang='lat' dir='ltr'>intelliges.</span> 
     </span>
     <span class='ocr_line' id='line_1_24' title="bbox 30 3104 1120 3218; baseline 0.014 -38"><span class='ocrx_word' id='word_1_171' title='bbox 30 3104 31 3110; x_wconf 62' lang='grc'>’</span> <span class='ocrx_word' id='word_1_172' title='bbox 173 3111 566 3218; x_wconf 87' lang='lat' dir='ltr'>7.Etharumquidem</span> <span class='ocrx_word' id='word_1_173' title='bbox 579 3112 884 3196; x_wconf 84' lang='lat' dir='ltr'>observationum</span> <span class='ocrx_word' id='word_1_174' title='bbox 895 3139 1120 3216; x_wconf 83' lang='lat' dir='ltr'>commemo·</span> 
     </span>
    </p>
   </div>
   <div class='ocr_carea' id='block_1_11' title="bbox 120 3227 1121 3330">
    <p class='ocr_par' dir='ltr' id='par_1_11' title="bbox 4 3227 1121 3330">
     <span class='ocr_line' id='line_1_25' title="bbox 120 3227 1121 3330; baseline 0.011 -28.754"><span class='ocrx_word' id='word_1_175' title='bbox 120 3231 218 3302; x_wconf 89' lang='lat' dir='ltr'>ratio</span> <span class='ocrx_word' id='word_1_176' title='bbox 233 3255 312 3318; x_wconf 90' lang='lat' dir='ltr'>me,</span> <span class='ocrx_word' id='word_1_177' title='bbox 329 3227 464 3305; x_wconf 83' lang='lat' dir='ltr'>siforte</span> <span class='ocrx_word' id='word_1_178' title='bbox 483 3231 626 3312; x_wconf 85' lang='lat' dir='ltr'>interea</span> <span class='ocrx_word' id='word_1_179' title='bbox 640 3245 704 3302; x_wconf 90' lang='lat' dir='ltr'>aut</span> <span class='ocrx_word' id='word_1_180' title='bbox 714 3231 873 3330; x_wconf 89' lang='lat' dir='ltr'>legendo</span> <span class='ocrx_word' id='word_1_181' title='bbox 881 3252 946 3308; x_wconf 90' lang='lat' dir='ltr'>aut</span> <span class='ocrx_word' id='word_1_182' title='bbox 959 3239 1121 3310; x_wconf 88' lang='lat' dir='ltr'>secando</span> 
     </span>
    </p>
   </div>
   <div class='ocr_carea' id='block_1_12' title="bbox 11 3345 1119 3456">
    <p class='ocr_par' dir='ltr' id='par_1_12' title="bbox 11 3345 1119 3456">
     <span class='ocr_line' id='line_1_26' title="bbox 11 3345 1119 3456; baseline 0.008 -39"><span class='ocrx_word' id='word_1_183' title='bbox 11 3434 14 3456; x_wconf 40' lang='grc' dir='ltr'>ι</span> <span class='ocrx_word' id='word_1_184' title='bbox 120 3345 1119 3452; x_wconf 61' lang='grc' dir='ltr'><strong>ἰιιιιὶἰιιίιιοιιίἰειθιιιιάειιςυιεῖιιεεῑιιιιοεοιίρείμιιιιιο</strong></span> 
     </span>
    </p>
   </div>
   <div class='ocr_carea' id='block_1_13' title="bbox 127 3648 787 4030">
    <p class='ocr_par' dir='ltr' id='par_1_13' title="bbox 163 3648 497 3729">
     <span class='ocr_line' id='line_1_27' title="bbox 163 3648 497 3729; baseline -0.006 -21"><span class='ocrx_word' id='word_1_185' title='bbox 163 3649 210 3729; x_wconf 83' lang='grc' dir='ltr'>(ι)</span> <span class='ocrx_word' id='word_1_186' title='bbox 231 3651 314 3725; x_wconf 78' lang='lat' dir='ltr'>spu.</span> <span class='ocrx_word' id='word_1_187' title='bbox 327 3648 384 3720; x_wconf 77' lang='lat'>26,</span> <span class='ocrx_word' id='word_1_188' title='bbox 400 3668 432 3710; x_wconf 83' lang='grc' dir='ltr'>ιι.</span> <span class='ocrx_word' id='word_1_189' title='bbox 448 3650 497 3707; x_wconf 83' lang='grc' dir='ltr'><strong>ι8.</strong></span> 
     </span>
    </p>

    <p class='ocr_par' dir='ltr' id='par_1_14' title="bbox 164 3746 489 3826">
     <span class='ocr_line' id='line_1_28' title="bbox 164 3746 489 3826; baseline -0.013 -17"><span class='ocrx_word' id='word_1_190' title='bbox 164 3749 197 3826; x_wconf 92' lang='lat'>(</span> <span class='ocrx_word' id='word_1_191' title='bbox 198 3749 210 3826; x_wconf 92' lang='lat'>)</span> <span class='ocrx_word' id='word_1_192' title='bbox 230 3749 326 3824; x_wconf 77' lang='lat' dir='ltr'>Epist</span> <span class='ocrx_word' id='word_1_193' title='bbox 342 3746 397 3818; x_wconf 81' lang='grc'>54,</span> <span class='ocrx_word' id='word_1_194' title='bbox 415 3764 446 3803; x_wconf 90' lang='lat' dir='ltr'>n</span> <span class='ocrx_word' id='word_1_195' title='bbox 461 3747 489 3805; x_wconf 81' lang='lat' dir='ltr'>t</span> 
     </span>
    </p>

    <p class='ocr_par' dir='ltr' id='par_1_15' title="bbox 127 3844 787 4030">
     <span class='ocr_line' id='line_1_29' title="bbox 127 3844 787 3926; baseline 0.003 -20.107"><span class='ocrx_word' id='word_1_196' title='bbox 127 3847 196 3917; x_wconf 75' lang='grc'>43</span> <span class='ocrx_word' id='word_1_197' title='bbox 197 3849 208 3914; x_wconf 79' lang='lat' dir='ltr'>l</span> <span class='ocrx_word' id='word_1_198' title='bbox 229 3849 313 3924; x_wconf 86' lang='lat' dir='ltr'>Disp</span> <span class='ocrx_word' id='word_1_199' title='bbox 326 3844 424 3909; x_wconf 81' lang='lat' dir='ltr'>exhib.</span> <span class='ocrx_word' id='word_1_200' title='bbox 437 3849 505 3906; x_wconf 82' lang='lat' dir='ltr'>hist.</span> <span class='ocrx_word' id='word_1_201' title='bbox 524 3845 700 3926; x_wconf 72' lang='lat' dir='ltr'>demptura</span> <span class='ocrx_word' id='word_1_202' title='bbox 716 3849 787 3910; x_wconf 86' lang='lat' dir='ltr'>lien.</span> 
     </span>
     <span class='ocr_line' id='line_1_30' title="bbox 167 3947 611 4030; baseline -0.009 -22"><span class='ocrx_word' id='word_1_203' title='bbox 167 3947 211 4030; x_wconf 87' lang='grc'>(4)</span> <span class='ocrx_word' id='word_1_204' title='bbox 180 3949 358 4027; x_wconf 51' lang='lat' dir='ltr'>&amp;obsera</span> <span class='ocrx_word' id='word_1_205' title='bbox 370 3947 482 4006; x_wconf 76' lang='lat' dir='ltr'>lienum</span> <span class='ocrx_word' id='word_1_206' title='bbox 494 3947 611 4024; x_wconf 78' lang='lat' dir='ltr'>diarup.</span> 
     </span>
    </p>
   </div>
   <div class='ocr_carea' id='block_1_14' title="bbox 0 0 1422 4648">
    <p class='ocr_par' dir='ltr' id='par_1_16' title="bbox 0 0 1422 4648">
     <span class='ocr_line' id='line_1_31' title="bbox 0 0 1422 4648; baseline 0 0"><span class='ocrx_word' id='word_1_207' title='bbox 0 0 1422 4648; x_wconf 95' lang='lat' dir='ltr'> </span> 
     </span>
    </p>
   </div>
  </div>
 </body>
</html>
