2746 4662
308 385 378 460 160
476 408 538 460 'ns
563 402 709 460 saumas
734 408 778 456 rr
803 406 928 458 cnusrs
951 405 1162 458 nonnoso!

301 523 417 597 modi.
443 526 617 616 Quorum
634 523 725 594 ideo·
737 522 935 622 complura
951 523 1190 611 enumeravi,
1219 515 1300 617 quia

301 641 568 730 animadverti,
597 637 781 737 quosdam
802 665 848 712 ex
864 636 1095 712 Hoffmauno
1109 639 1187 737 (r),
1206 633 1299 735 apud

302 785 418 860 quem
431 757 508 830 lere
518 757 646 828 omnia
663 756 742 830 haec
759 772 867 844 sunt,
886 757 991 829 nulla
1004 755 1099 830 facta
1108 756 1190 853 ejus
1208 777 1299 824 men·

302 878 425 964 tione,
450 873 727 964 describentes,
757 874 883 972 aliqua
909 873 1214 972 pretermisisse,
1238 871 1300 940 mi·

302 993 405 1064 nime
436 991 660 1078 omittenda,
688 993 766 1064 sive
800 991 897 1063 nihil
922 991 1025 1064 aliud
1052 1015 1169 1088 quam
1201 985 1300 1086 quod
1351 1015 1352 1022 ¹

301 1106 565 1198 Hoffrnannus,
597 1109 862 1208 explicandum
880 1128 1091 1198 sumamus,
1108 1107 1300 1180 ¹nimirum

302 1249 371 1298 cur
387 1223 503 1323 pedes
520 1224 691 1299 crebrius
714 1249 838 1324 quarn,
856 1224 945 1298 alias
969 1225 1109 1326 partes,
1128 1223 1301 1320 corripiat

302 1341 489 1430 arthritis,
510 1342 587 1414 sive
608 1343 719 1414 etiam
745 1367 835 1434 cur,
861 1358 899 1415 et
915 1342 974 1415 vel
996 1341 1043 1414 ab
1065 1341 1173 1415 initio
1190 1343 1299 1412 inter·

300 1458 392 1530 dum
407 1515 417 1552 ,
431 1460 648 1556 quampiam
663 1457 784 1530 aliam.
820 1463 873 1533 Re
891 1460 992 1532 enim
1007 1463 1114 1546 vera,
1140 1459 1197 1530 uti
1221 1455 1300 1530 Scri·
1352 1517 1353 1586 1

300 1591 407 1676 ptum
425 1590 481 1648 est
498 1599 519 1646 a
535 1575 647 1647 Caelio
663 1575 865 1647 Aureliano
879 1575 959 1674 (a);
974 1575 1185 1674 aliquando
1203 1597 1298 1672 ape·
1352 1593 1353 1600 ¹

300 1693 410 1763 dibus
422 1714 568 1764 sumens
579 1691 804 1764 'arthriticus
823 1691 939 1764 dolor
954 1690 1174 1776 exordium,
1198 1706 1299 1762 ccele-

300 1834 364 1880 ros
380 1808 558 1880 articulos
578 1807 800 1907 amplicavit,
816 1808 1027 1907 aliquando
1050 1833 1089 1879 in
1106 1807 1192 1880 aliis
1219 1811 1298 1878 inci·

294 1933 403 2025 piens
413 1981 422 2016 ‚
432 1924 551 2024 pedes
567 1931 708 2000 invasit.
718 1921 926 2016 Qniautem
934 1925 1082 1998 articuli
1093 1951 1175 1998 non
1188 1923 1297 1996 modo

299 2063 375 2145 prm
403 2044 483 2116 aliis
511 2044 664 2114 suntin
692 2040 996 2141 frequentissimo
1025 2058 1151 2133 motu,
1175 2042 1298 2117 sedet

298 2162 410 2234 simul
446 2157 688 2258 paucioribus
723 2161 843 2233 causis
873 2159 1030 2233 obnoxii
1061 2176 1150 2233 sunt
1186 2187 1233 2233 ex
1258 2159 1297 2229 iis

299 2301 393 2377 quas
414 2277 736 2365 enumeravimus,
759 2277 815 2350 illi
832 2278 894 2348 vix
912 2301 1102 2376 unquam,
1118 2293 1184 2350 ant
1202 2301 1296 2350 nun·

300 2417 413 2493 qnam
433 2392 636 2466 arthritide
656 2394 944 2491 'corripiuntur;
972 2419 1097 2492 neque
1118 2395 1223 2467 enim
1251 2393 1297 2464 le-

300 2510 1296 2611 gisseautaudivissememinimus,illosunqnamarti·
1354 2589 1355 2596 ἵ

298 2629 404 2702 culos
422 2642 620 2726 correptos
636 2651 715 2701 esse
740 2649 905 2725 quorum
925 2627 1133 2702 obsoletam
1156 2653 1296 2702 memo·
1354 2619 1355 2634 ³

296 2747 391 2820 riam
419 2730 684 2832 restituentes,
705 2744 814 2816 ‘nihil
846 2747 888 2817 in
919 2746 965 2818 iis
995 2744 1048 2818 ob
1077 2748 1293 2847 parvitatem

295 2865 424 2940 deesse
444 2861 693 2950 ostendimus,
708 2885 789 2960 quae
809 2863 952 2934 suntin
971 2863 1139 2962 magnis;
1157 2874 1293 2937 namet

297 2981 482 3080 capsulari
497 2978 742 3050 membraneo
762 2978 934 3068 vineole,
960 2995 996 3052 et
1019 2979 1206 3077 glandulae
1224 3003 1294 3052 rnu-

295 3099 505 3196 cilaginosae
518 3094 666 3183 lacinia,
682 3111 720 3168 et
736 3095 965 3194 mucilagine
986 3079 1180 3170 evidenter
1202 3122 1291 3198 pra-

296 3213 395 3288 ditos
414 3212 593 3283 minimos
614 3211 699 3283 illos
721 3214 991 3311 proposuimus
1020 3211 1074 3311 (3)
1102 3215 1170 3312 qui
1200 3217 1292 3286 inter

295 3329 498 3404 cricoidem
523 3343 560 3400 et
590 3328 835 3424 arytaenoidcs
863 3330 1098 3430 cartilagines
1135 3329 1290 3404 interce·

294 3447 400 3519 duat.
415 3446 520 3518 Seda
536 3443 722 3518 morbidis
734 3448 853 3520 causis
865 3443 1077 3520 adventitiis
1092 3448 1120 3518 ii
1135 3448 1290 3520 maxime

350 3751 379 3830 a)
399 3745 509 3808 Medic.
523 3757 578 3805 rat.
593 3761 664 3806 torn.
680 3733 714 3823 l,
724 3770 754 3828 p.
769 3749 836 3832 aba.
852 3768 884 3828 a,
900 3773 927 3813 a.
942 3748 1289 3832 11,.thea.pathol.516.

348 3851 379 3930 a)
399 3851 433 3908 C.
449 3869 481 3922 2,
493 3849 584 3926 paulo
597 3848 665 3908 adte
678 3850 729 3908 cit.

331 3750 344 3828 l

314 3847 377 4036 fili)
397 3933 523 4011 adieri.
536 3959 615 4008 nnat.
634 3969 660 4026 1,
673 3969 703 4009 n.
720 3943 767 4010 ιδ»
