2732 4654
121 428 196 476 nra.
213 431 263 476 ιν.
278 429 325 476 nn
341 425 476 512 nonnis
489 425 685 491 curruum,
698 416 766 474 etc.
783 428 895 476 nmsr.
913 429 983 476 mx.
1014 431 1080 506 291

72 538 289 640 designavit
298 539 445 636 sangui
464 539 599 610 medice
625 541 893 636 magnitudinis
911 559 1010 614 totus
1031 543 1085 615 ul·

71 660 161 747 bus,
178 661 288 732 annis
301 657 559 758 superioribus
584 682 704 756 prope
724 661 910 730 Lutetiam
935 664 1090 735 Parisio-

9 831 11 838 s
71 803 166 850 rum
184 779 513 876 idpropemodum
529 773 700 847 lecerunt
714 778 818 874 quod
833 782 1088 868 Romae,dum
1149 761 1150 766 ἵ

74 895 266 966 scriberet
278 895 421 1012 Plinips
435 892 490 991 (ι)
507 890 695 984 fecerant,
712 910 754 966 ut
754 895 952 986 familiam
963 903 1091 969 irueri-

74 1027 248 1099 merent;
271 1013 524 1099 nisinatura,
555 1011 694 1081 auxilio
715 1011 843 1108 adjuta
867 1017 1093 1113 experientis

75 1129 225 1202 medici
249 1129 462 1201 Monnierii,
480 1127 552 1226 (α),
582 1130 649 1226 qui
682 1146 932 1227 symptomata
965 1137 1094 1216 omnia

12 1321 14 1328 ,
76 1248 304 1344 diligenter,
319 1263 356 1318 et
373 1246 507 1322 ordine
525 1246 722 1334 describit,
746 1249 793 1320 de
809 1274 870 1320 sex
889 1252 956 1347 qui
971 1234 1105 1322 corne-V
1168 1237 1170 1244 ¹

77 1365 240 1452 derant,
260 1366 428 1462 quinque
460 1380 653 1436 servasset.
688 1363 795 1436 Idem
824 1369 979 1466 virginis
1010 1396 1093 1481 quae

76 1509 161 1555 una
190 1483 362 1552 omnium
388 1483 527 1557 servari
548 1507 635 1564 nou,
655 1485 797 1580 potuit,
832 1486 991 1558 cadaver
1008 1513 1096 1585 per-

77 1601 269 1692 lustrans,
288 1601 386 1670 inter
406 1599 476 1670 alia
493 1600 603 1698 plura
623 1625 705 1697 quae
725 1601 974 1701 apud‚ipsum
998 1607 1097 1678 vide·

80 1719 163 1807 bis,
179 1719 219 1788 in
231 1717 444 1790 ventriculo
465 1719 563 1793 circa
577 1717 754 1816 pylorum
767 1720 943 1816 ,quaedam
957 1722 1097 1794 iollam·
1122 1723 1131 1743 ²

81 1837 267 1908 mationis
295 1835 449 1924 indicia,
471 1834 690 1906 duodenum
723 1851 848 1910 autem
877 1839 1097 1913 intestinum

81 1956 186 2027 vasis
204 1955 415 2026 tunicarum
438 1955 596 2024 omnino
614 1955 797 2050 sanguine
817 1950 983 2044 refertiS,
1001 1957 1099 2030 inte-

82 2075 188 2162 rius,
209 2087 343 2170 praeter
363 2071 463 2144 leves
480 2059 625 2168 aliquot
650 2073 938 2163 excoriationes‚
957 2099 1100 2173 purpu-

82 2194 165 2264 reis
180 2191 335 2288 maculis
349 2180 566 2262 distinctum
581 2244 590 2277 ‚
606 2190 645 2259 in
659 2213 805 2260 summa
822 2182 1098 2266 inflammatum

84 2307 355 2407 deprehendit.
374 2312 451 2405 Ego
470 2331 560 2377 vero
581 2322 617 2378 et
634 2310 922 2396 intestinorum,
948 2326 985 2382 et
1007 2337 1099 2384 ven·

84 2426 220 2500 triculi
236 2424 570 2496 inflammationem
589 2450 610 2494 a
632 2425 833 2523 vegetabili
848 2428 1101 2503 medicamen-

85 2561 130 2616 to
148 2596 158 2631 ‚
173 2542 239 2615 sed
254 2543 409 2629 acriori,
425 2565 546 2639 eoque
562 2541 754 2612 interdum
769 2546 978 2642 perniciem
996 2537 1100 2619 haud
1191 2601 1193 2605 «

86 2685 204 2734 secus
231 2685 274 2732 ac
300 2683 514 2745 venenum,
550 2655 748 2744 afferente,
782 2661 950 2732 elleboro
987 2666 1100 2763 nigro

87 2777 289 2850 inductam
312 2778 500 2875 conspexi.
520 2779 573 2848 Ita
590 2792 715 2850 autem
732 2801 792 2849 res
808 2803 846 2849 se
859 2778 1000 2853 habuit.

148 2895 204 2968 15.
216 2895 307 2982 Vir,
324 2895 431 2990 cujus
443 2896 553 2982 anni,
570 2895 599 2964 si
621 2919 665 2964 ex
681 2891 774 2965 facie
785 2896 1102 2986 aestimares,nec-

90 3015 186 3086 dum
201 3013 475 3110 quinquaginta
488 3035 565 3082 esse
574 3011 819 3100 videbantur,
831 3037 991 3111 corpore
1001 3016 1101 3091 bene

91 3127 352 3217 conformato,
366 3128 606 3224 subpinguis,
624 3129 751 3199 colore
759 3129 938 3202 laudabili
948 3187 958 3222 ,
969 3159 1101 3231 quam·

90 3251 150 3320 vis
165 3247 212 3318 ad
229 3244 378 3317 fuscum
391 3259 590 3343 vergente,
616 3246 760 3344 capillis
778 3264 904 3320 autem
931 3266 968 3321 et
984 3251 1105 3334 barba,

92 3366 238 3464 nigris,
255 3363 305 3434 ob
318 3363 493 3435 delirium
512 3363 705 3460 quoddam
722 3366 1040 3439 melancholicum
1062 3373 1102 3442 in
1149 3403 1153 3411 ¹

96 3483 322 3556 nosocomio
337 3496 503 3566 curatus,
515 3480 737 3578 propediem
754 3498 833 3552 erat
849 3483 1101 3577 discessuruS,

99 3627 185 3674 cum
206 3615 414 3673 extractum
436 3599 616 3695 sumpsit,
639 3599 743 3696 quod
769 3617 926 3690 vocant,
947 3602 1105 3674 ellebori

144 3883 186 3966 (1)
208 3887 277 3943 Nat.
293 3883 362 3940 hist.
375 3887 396 3940 l.
411 3903 464 3955 aa,
480 3905 505 3941 c.
523 3885 568 3940 13.

70 4003 73 4009 ·
141 3985 187 4066 (a)
207 3987 300 4042 Mem.
316 3985 352 4043 de
367 3985 482 4043 l'Acad.
495 4001 560 4063 roy.
578 3984 630 4042 des
644 3983 795 4056 Sciences,
813 4001 862 4040 an.
884 3990 970 4060 1749.

903 4086 965 4180 19*
