2836 4648
316 391 391 479 614
478 370 524 462 na
549 413 697 464 cantans
723 415 768 462 nr
794 413 918 464 causis
944 415 1157 462 nonnosum

316 528 416 604 uteri
427 528 556 600 osculo
570 528 805 628 proximam,
829 526 1065 600 occludebat.
1082 527 1157 600 Sed
1176 527 1209 600 is
1230 525 1325 598 fluor

315 671 360 718 ex
377 644 587 718 acrioribus
603 645 677 730 sit,
696 646 868 742 oportct3
896 669 976 716 non
993 671 1038 718 ex
1055 643 1326 742 frequentiori·

313 762 471 834 basillis
491 761 538 834 de
559 760 811 859 quibusmeas
827 761 957 858 plures
975 761 1267 834 observationes
1279 760 1325 832 ad

315 896 351 962 te
375 881 457 952 misi
478 875 635 978 epistola
650 881 793 950 XLVII.
817 882 912 950 Cum
937 879 982 950 iis
991 881 1248 978 ,conjungere
1260 903 1326 978 po·

313 998 404 1070 teris
423 1020 538 1096 quam
558 994 743 1092 subjicio,
760 996 932 1092 quamvis
947 996 998 1068 ob
1017 997 1109 1085 alia,
1130 1023 1219 1094 quae
1237 1023 1326 1070 con·

314 1110 429 1199 tinet,
449 1113 601 1210 majoris
628 1112 834 1200 momenti,
859 1111 1039 1185 libentius
1066 1113 1260 1186 misissem
1283 1139 1324 1186 eo

313 1247 508 1329 temporo,
535 1231 566 1300 si
577 1230 654 1324 jam
675 1243 768 1300 tunc
788 1227 1123 1327 habuissem‚.quo
1142 1232 1323 1330 epistolas
1358 1285 1363 1294 .

314 1349 444 1447 scripsi
463 1350 544 1434 Lx,
557 1349 823 1436 LX11,LX111.
879 1381 882 1390 ¹

366 1475 419 1552 14.
442 1466 633 1538 Feminam
652 1487 773 1536 annos
798 1478 924 1562 natam
939 1466 1102 1570 ‘circiter
1128 1467 1320 1564 sexaginta

311 1581 510 1682 apoplexia
530 1579 745 1656 confecerat
766 1581 865 1662 intra
893 1597 1075 1678 quatuor,
1104 1582 1216 1654 haud
1248 1609 1319 1656 am-

314 1702 432 1800 plius,
461 1699 551 1774 dies.
580 1703 752 1790 Quorum
782 1713 859 1772 tres
884 1723 973 1770 cum
992 1699 1097 1778 domi
1117 1703 1318 1800 exegisset,

279 1821 281 1828 '
310 1835 446 1918 quarto
463 1817 627 1915 denique
649 1818 689 1888 in
706 1816 971 1891 nosocomium
983 1817 1223 1908 intulerunt,
1245 1819 1315 1915 jam

311 1951 393 2010 toto
411 1959 572 2034 corporo
592 1934 641 2006 ab
660 1959 729 2008 suo
744 1933 879 2006 morbo
900 1933 995 2008 adeo
1013 1958 1258 2034 oppressam,
1279 1952 1317 2008 ut

310 2054 493 2128 indicium
510 2049 663 2150 aliquod
688 2053 869 2152 gravioris
888 2053 929 2124 in
952 2053 1067 2124 latere
1084 2054 1244 2128 sinistro
1262 2079 1314 2126 re·

312 2173 512 2246 solutionis
533 2171 609 2268 peti
635 2195 714 2240 non
743 2170 930 2268 potuerit,
960 2171 1032 2244 nisi
1056 2196 1080 2242 ,a
1104 2197 1207 2244 vena
1239 2197 1314 2270 qum
1404 2261 1405 2266 ἵ

312 2291 417 2362 domi
435 2303 535 2362 secta
560 2313 580 2360 a
599 2287 739 2360 dextris
765 2285 894 2372 luerat.
922 2293 1134 2360 Anatomcn
1153 2291 1196 2360 in
1213 2316 1314 2388 gym-

312 2411 418 2510 nasio
436 2423 528 2482 tunc
554 2405 740 2480 docebam
762 2431 807 2478 ea
834 2404 1073 2504 frigidissima
1095 2421 1314 2506 tempestate

312 2551 395 2624 quae
420 2523 490 2596 snb
513 2525 677 2621 januarii
710 2521 825 2594 ficiem
850 2521 941 2606 anni
970 2521 1061 2621 1758
1087 2525 1313 2622 permolesta

312 2641 490 2716 omnibus
505 2665 584 2714 esse
601 2641 802 2739 pergebat,
819 2641 988 2738 illucque
1001 2640 1163 2715 cadaver
1182 2660 1241 2714 est
1256 2645 1312 2712 im·

309 2775 518 2860 portatum,
539 2760 648 2856 cujus
674 2774 715 2830 ut
736 2759 925 2857 pleraeque
952 2774 1061 2832 antea
1084 2773 1241 2857 partes,
1267 2762 1312 2832 sic

310 2877 515 2978 praesertim
530 2875 728 2948 cerebrum
741 2875 1029 2963 alesaciones,
1046 2874 1166 2973 idque
1180 2893 1311 2950 octavo

310 2995 459 3068 circiter
473 3008 626 3066 amorte
643 2991 1024 3081 die,cumadessetcl.
1044 2994 1311 3066 virCaldanins

309 3114 375 3212 qui
404 3114 574 3184 Bononia
593 3109 669 3182 huc
686 3112 834 3192 venire,
844 3111 1013 3208 meisque
1030 3110 1216 3187 omnibns
1240 3115 1314 3210 ejus
1395 3145 1396 3148 ¹

309 3231 400 3302 anni
428 3229 587 3329 publicis
614 3227 946 3310 exercitationibus
960 3253 1031 3328 pro
1052 3253 1119 3300 sua
1146 3257 1242 3330 erga
1258 3256 1310 3302 me

309 3348 541 3445 humanitate
554 3347 733 3419 interesse
746 3345 874 3416 voluit.

357 3466 523 3538 Calvaria
542 3487 628 3534 cum
655 3463 831 3561 meninge
856 3487 977 3540 crassa
1000 3478 1103 3536 arcte
1131 3464 1231 3536 adeo
1252 3492 1311 3536 co-

308 3581 493 3669 herebat,
522 3596 563 3652 ut
600 3581 680 3653 sine
704 3581 940 3652 validissimis
970 3581 1173 3656 conatibus
1207 3584 1311 3655 avelli

306 3725 386 3810 non
403 3699 576 3798 potuerit.
598 3701 668 3768 Per
691 3698 904 3796 meningem
923 3713 1076 3771 tenuem
1100 3725 1189 3774 vasa
1209 3716 1311 3774 erant

307 3813 1309 3912 sanguinedistenta.Substantiacerebriexsuccaerat,

307 3947 342 4003 et
359 3931 475 4020 dura,
500 3933 559 4018 vi,
582 3933 741 4030 opinor,
765 3933 901 4005 summi
918 3927 1092 4032 frigoris,
1112 3961 1188 4034 qna
1213 3952 1306 4009 certe
