2782 4652
280 394 350 482 ma
448 414 495 468 ur
522 415 668 468 somnos
695 405 888 484 urcensis
914 407 1125 466 uoueonnu

283 525 529 630 dispositione
544 557 623 604 non
643 531 758 604 modo
779 510 820 619 in
843 530 1077 620 viventibus3
1098 529 1166 604 sed
1189 544 1225 601 et
1245 527 1286 601 in
1382 609 1383 626 χ

284 649 445 736 mortuis
461 649 656 721 varietates
675 640 857 748 explicem
872 674 880 720 t
895 650 1007 747 „quod
1024 651 1058 722 ‚si
1081 675 1103 718 a
1123 673 1187 720 me
1207 648 1293 718 satis
1310 737 1314 744 Ι

287 790 366 840 non
397 791 475 872 esse
489 781 586 841 tunc
608 763 747 838 factum
776 765 948 840 videatur
963 767 1147 865 ;.·poteris
1167 763 1292 836 lauda-

287 899 363 958 tam
379 881 679 960 dissertationem
696 883 908 982 perlegere,
920 908 1004 982 quae
1016 907 1104 956 eum
1120 881 1292 960 eamdem

290 999 546 1096 conjecturam
575 1001 769 1099 sequitur,
795 1017 876 1072 tum
894 1000 1085 1100 perhanc
1104 997 1234 1078 ¹fusius
1255 1000 1304 1070 iu

182 1198 197 1218 ·
288 1115 503 1188 viventibus
518 1118 752 1216 praesertim,
773 1119 861 1190 satis
873 1133 1006 1204 ,autem
1021 1115 1295 1210 indemortuis

290 1235 418 1310 omnia
433 1235 602 1332 exponit.

241 1331 244 1339 ¹
344 1329 398 1421 ri.
419 1349 558 1438 Vides,
590 1368 774 1449 quatenus
800 1337 1016 1440 cerebrum,
1035 1367 1074 1426 et
1103 1377 1126 1424 a
1145 1376 1303 1432 veneno

291 1467 367 1540 hoc
397 1465 572 1564 quidem,
601 1467 700 1558 affici
734 1471 922 1572 suspicerj
941 1495 1010 1544 ne
1021 1469 1119 1543 forte
1146 1493 1237 1540 cum
1256 1469 1300 1538 iis
1382 1475 1383 1480 ’

293 1581 414 1674 facere
436 1610 497 1690 me
518 1585 667 1688 eredas,
682 1588 748 1685 qui
767 1589 1043 1686 imaginationis
1061 1588 1099 1658 vi
1117 1584 1297 1660 morbum
1382 1665 1383 1674 ἵ

293 1692 398 1774 hunc
417 1725 569 1776 omnem
587 1704 815 1786 tribuerunt.
829 1787 831 1792 ¹
843 1705 1029 1804 Equidem
1050 1729 1133 1779 non
1162 1704 1297 1776 issum

295 1821 362 1920 qui
382 1844 402 1890 a
425 1827 610 1920 concepto
640 1837 784 1904 terrore
804 1823 934 1922 augeri
957 1821 1070 1930 illurn
1096 1842 1209 1922 posse
1236 1845 1301 1892 nee

296 1963 392 2036 gem.
414 1937 485 2009 Sed
508 1964 632 2037 neque
654 1940 685 2011 is
699 1965 790 2022 sum
809 1941 920 2038 quise
945 1955 1090 2014 terrore
1115 1941 1200 2037 ipso
1216 1935 1302 2008 fieri

297 2077 481 2158 censeam.
503 2057 589 2146 Quo
610 2057 711 2130 enim
730 2056 846 2138 modo
863 2043 885 2130 a
902 2071 1048 2142 terrore
1065 2059 1114 2126 in,
1125 2054 1304 2152 complu-

298 2171 404 2248 ribus
431 2171 551 2245 factus
580 2188 675 2246 esset
710 2175 890 2272 (quorum
910 2198 1033 2257 ¹casus
1062 2174 1210 2271 aliquot
1244 2174 1308 2244 in·

299 2287 355 2362 fra
383 2290 436 2388 (ι)
459 2291 781 2388 commemorabo)
813 2294 881 2390 qui
912 2291 999 2383 erim
1018 2291 1158 2395 animal
1176 2317 1199 2362 a
1225 2315 1307 2396 quo

301 2409 428 2504 morsi
452 2405 619 2512 fueraut,
646 2433 725 2482 esse
758 2409 934 2488 rabidum
956 2413 1212 2508 ignorarent,
1238 2408 1311 2480 alia

303 2527 430 2598 omnia
452 2527 679 2626 cogitantes,
697 2541 861 2626 repente,
873 2551 912 2598 se
937 2529 1057 2626 teneri
1069 2525 1312 2622 jammorbo

304 2645 351 2716 de
370 2669 447 2745 quo
463 2668 512 2714 ne
530 2645 706 2741 suspioati
724 2660 844 2716 erant
842 2643 1022 2742 quidem,
1043 2669 1133 2742 per,
1134 2641 1310 2716 manifes

305 2764 446 2836 tissima
460 2777 497 2834 et
506 2786 594 2832 mox
604 2759 789 2871 funesta
762 2787 867 2862 signa
881 2762 1150 2844 ostenderunt?
1161 2761 1311 2842 Admis-

307 2903 390 2951 sum
421 2862 539 2978 igitur
567 2903 780 2966 venenum,
819 2904 1059 2978 quacumque
1091 2879 1131 2952 id
1164 2880 1311 2950 ratione

305 3011 405 3094 egat,
424 3021 495 3094 pro
524 2995 651 3069 morbi
671 3021 780 3072 causa
800 3008 860 3078 est
879 2995 1176 3128 agnoscendum
1200 2995 1311 3088 Quod

308 3137 396 3184 sane
409 3137 496 3210 quo
508 3115 626 3212 magis
644 3113 824 3204 latenter,
844 3129 881 3188 et
900 3115 1086 3194 insidiose
1109 3116 1188 3186 vim
1206 3139 1313 3187 suam

282 3307 287 3318 ,
308 3245 520 3324 conservat,
540 3246 576 3302 et
593 3229 744 3304 tandem
759 3233 902 3322 exerit,
911 3258 965 3306 eo
975 3233 1091 3330 magis
1109 3256 1159 3303 ne
1178 3231 1311 3304 admit·

308 3361 407 3420 tatur
425 3345 633 3429 cavendum
651 3363 727 3438 est3
742 3365 778 3422 et
797 3351 834 3428 si
844 3347 940 3423 forte
959 3349 1167 3427 admissum
1183 3347 1313 3434 fuerit,

310 3455 509 3568 diligenter
532 3405 753 3565 priuSquain
772 3470 879 3558 vires
899 3493 982 3545 suas
1003 3482 1129 3540 exerat
1140 3469 1313 3576 ‚impug-

309 3579 497 3661 nendum
518 3587 650 3680 Itaque
675 3585 705 3656 si
724 3600 879 3682 quaestio
896 3583 1097 3673 incideret
1111 3605 1162 3654 an
1187 3607 1313 3656 carnes
1382 3617 1383 3634 ¹

289 3667 412 3771 rabie
429 3697 553 3772 affecti
568 3699 737 3772 animalis
752 3699 882 3773 eadem
897 3699 1052 3772 inficere
1072 3703 1311 3774 comedentes
1382 3683 1383 3704 ³

1014 3860 1306 3883 w

349 3933 394 4013 (ι)
415 3939 453 3994 n.
478 3936 525 3996 ιε.
