2732 4654
200 436 341 532 324
425 461 473 508 on
498 455 646 507 surmus
671 459 715 504 rr
740 455 865 504 csusrs
891 416 1105 506 uounouuu

193 579 346 699 fere
355 578 445 672 poti
471 585 743 672 symptomata,
766 575 864 641 acsi
886 595 911 640 a
933 569 1131 642 tarantula
1158 578 1266 642 morsi

268 707 393 764 essent.
414 690 486 762 Sed
507 715 577 760 nos
595 714 638 761 ea
655 703 925 786 symptomata,
947 704 984 758 et
1001 678 1144 760 mortes
1161 714 1265 788 supra

266 835 346 880 non
366 809 645 894 recensuimus,
665 822 707 877 ut
727 807 793 903 qui
819 820 994 878 aestuosas
1013 807 1126 876 Italiae
1152 823 1268 904 partes

267 930 493 1024 excepimus.
506 922 659 996 'Profert
672 925 827 1022 insuper
842 920 1009 997 cuniculi
1022 977 1031 1006 ,
1043 929 1076 994 'a'
1086 925 1267 995 tarantula

267 1045 402 1128 occisi,
424 1042 689 1113 dissectionem
711 1043 786 1138 (1):
809 1066 879 1112 nec
895 1042 1026 1112 reticet
1044 1043 1114 1138 (a),
1140 1041 1187 1113 ab
1212 1042 1267 1112 ilia

268 1163 431 1232 ictorum
443 1160 562 1230 malta
570 1175 824 1258 symptomata
838 1184 862 1228 o
872 1158 1081 1257 depravato
1095 1165 1267 1256 imagino-

267 1283 367 1349 tione
374 1277 544 1377 pendere
562 1276 693 1348 videri.
715 1281 817 1364 Hoc,
833 1292 947 1373 atque
963 1277 1033 1348 alia
1058 1302 1142 1374 quae
1162 1278 1208 1348 ad
1224 1293 1267 1350 ta·

242 1397 449 1492 'rantulam
468 1397 646 1483 attinent,
663 1396 780 1492 magis
806 1395 997 1492 explorata
1030 1407 1101 1468 nos
1123 1395 1267 1468 habitu·

263 1526 326 1586 ros
340 1537 554 1612 speramus,
572 1512 759 1610 siquando
775 1513 832 1582 vir
850 1512 1091 1584 doctissimus
1107 1515 1270 1586 Francis·

264 1656 330 1704 cus
361 1636 492 1704 Seraus
510 1656 552 1702 ea
583 1632 722 1729 poterit
752 1655 834 1728 quae
861 1631 907 1702 de
942 1631 1088 1702 insecto
1118 1632 1186 1702 illo
1216 1634 1268 1702 in-

264 1749 398 1822 choata
417 1749 549 1837 habet,
571 1748 764 1846 perficere.
780 1754 926 1821 Interea
942 1765 1088 1836 tamen,
1103 1751 1209 1846 qnod
1226 1749 1268 1822 ad

262 1884 449 1940 nostrates
472 1869 636 1967 pertinet
649 1868 837 1965 scorpios,
852 1893 930 1938 non
945 1869 1024 1939 sine
1045 1870 1152 1938 omni
1166 1868 1267 1940 dubi·

262 1988 403 2058 tatione
433 2009 577 2073 sumus,
605 1985 697 2081 quin
727 1985 855 2082 plures
887 2010 932 2056 ex
963 1986 1008 2056 iis
1042 1987 1110 2083 qui
1135 1986 1183 2058 ab
1211 1987 1267 2058 his

263 2104 482 2202 compuncti
500 2104 624 2200 gravia
643 2102 812 2198 quadam
829 2105 906 2200 pati
927 2087 1119 2192 visisunt,
1138 2106 1267 2180 tiruore

261 2222 569 2318 imaginationem
593 2219 794 2308 turbante,
819 2246 908 2294 non
942 2235 1018 2291 tam
1051 2247 1096 2292 ex
1124 2247 1269 2294 veneno
1296 2249 1298 2252 ·

232 2365 236 2372 ·
262 2336 368 2436 qnod
387 2361 543 2434 prorsus
570 2339 780 2408 innocuum
808 2335 965 2410 fortasse
995 2336 1134 2426 fuerit,
1160 2365 1269 2438 quam

262 2481 309 2528 ex
335 2455 450 2526 animi
473 2455 699 2552 agitatione,
734 2480 874 2554 corpus
899 2457 1150 2554 percellente,
1179 2459 1270 2531 male
1297 2467 1299 2474 '

261 2571 476 2644 habuerint.
508 2577 611 2644 Hanc
637 2589 763 2644 autem
798 2574 1094 2658 dubitationem,
1129 2577 1170 2646 in
1201 2601 1271 2674 qua

262 2676 385 2790 ipsdm
418 2714 572 2789 quoque
606 2693 919 2789 Manpertuisinm
949 2691 1003 2788 (3)
1034 2711 1113 2765 esse
1142 2695 1270 2782 video,

114 2825 120 2835 ‘
161 2857 163 2861 v
263 2808 512 2908 comprobare
535 2834 582 2896 ,ex
610 2825 716 2906 parte
743 2809 836 2880 illud
867 2810 979 2880 etiam
1002 2813 1148 2908 potest,
1171 2811 1271 2911 quod

260 2925 438 2998 nonnulli
457 2950 589 3002 eorum
605 2927 664 2994 vix
678 2927 760 3013 icti,
778 2927 961 2998 continno
980 2927 1026 2998 de
1043 2928 1088 3000 iis
1107 2955 1268 3026 querun-

261 3059 324 3116 tur
341 3068 423 3140 quae
440 3057 514 3112 tam
536 3043 611 3112 cito
633 3068 681 3114 ne
699 3043 738 3112 in
760 3043 832 3117 illis
853 3043 1005 3140 quidem
1028 3048 1268 3144 contigerunt

262 3163 391 3258 quiex
409 3184 557 3230 veneno
576 3159 709 3230 eodem
731 3162 844 3232 occisi
867 3177 976 3251 sunt,
995 3162 1190 3261 iidemque
1208 3190 1267 3236 an·

261 3277 382 3349 tidoto
396 3277 521 3372 aliquo
542 3276 712 3348 adhibito
725 3333 735 3366 ,
749 3294 816 3349 ant
828 3277 915 3349 dato
937 3305 981 3350 ex
1000 3279 1057 3350 his
1077 3306 1162 3378 quae
1189 3281 1264 3352 vul·

262 3419 354 3495 gns,
374 3395 523 3492 ipsique
544 3396 670 3492 magni
697 3381 862 3484 faciunt,
892 3412 955 3468 ant
974 3397 1079 3493 quod
1099 3381 1261 3470 medicus

261 3513 449 3612 quispiam
465 3514 525 3584 cui
543 3513 910 3611 plurimumfidant,
938 3531 1118 3613 tanquam
1141 3518 1262 3589 certis-

235 3790 239 3816 1
300 3817 345 3896 (1)
366 3819 443 3874 Ibid.
463 3839 489 3874 c.
510 3837 556 3874 ro.
610 3888 612 3903 Λ

302 3918 345 3994 (a)
366 3918 444 3974 Ibid.
464 3937 489 3974 c.
503 3917 532 3974 6.

300 4018 345 4098 (3)
366 4021 522 4075 Commeat
536 4017 588 4076 cit.
