2836 4648
366 459 439 550 646
535 479 583 526 nr
607 475 822 526 sennaser
847 475 971 526 caos1s
996 475 1201 530 norronun

369 596 499 684 detur,
534 609 599 668 aut
614 589 785 690 quadarn
809 590 939 662 saltem
960 591 1007 664 de
1028 593 1225 693 aethiopum
1241 595 1327 668 insan-

366 713 487 802 tibus,
508 735 578 811 pro
595 724 698 784 certo
716 709 849 797 sciam,
866 723 909 781 ut
924 725 1014 807 puta
1033 710 1229 785 numforte
1243 715 1326 786 unhi-

367 831 486 904 licalis
506 828 665 900 funiculi
681 827 831 899 initium
854 851 961 913 non,
988 843 1031 900 ut
1049 831 1187 919 nostri,
1202 833 1327 902 cinctum

367 964 452 1022 cute
472 946 634 1018 habeant
657 969 740 1042 quae
756 959 889 1042 postea
913 946 954 1014 in
975 945 1198 1019 umbilicum
1220 972 1251 1019 se
1265 971 1327 1018 con·

364 1065 510 1152 trabat,
533 1089 625 1136 num
639 1064 768 1161 paucis
783 1062 856 1134 illis
873 1087 893 1132 a
910 1079 1022 1161 partu
1040 1063 1175 1138 diebus
1193 1090 1266 1136 curn
1279 1065 1327 1162 pri·

365 1209 471 1258 mum
488 1181 666 1253 infuscari
683 1180 894 1279 incipiunt,
912 1206 992 1253 non
1012 1183 1063 1253 ita
1080 1183 1176 1255 albis
1199 1206 1325 1281 prorsus,

363 1319 407 1374 ut
430 1302 470 1372 in
499 1297 634 1372 adultis
662 1313 792 1396 postea
821 1297 1011 1388 videmus,
1037 1303 1114 1372 sint
1140 1301 1279 1399 plantis,
1303 1311 1326 1369 et

361 1419 476 1504 volis,
494 1415 565 1487 alia
582 1415 778 1512 ejusmodi.
796 1419 907 1490 Nunc
918 1418 1020 1490 enim
1038 1441 1058 1488 a
1075 1419 1262 1516 proposito
1273 1440 1324 1485 non

363 1549 418 1608 est
434 1531 708 1605 divertendum.
721 1531 863 1604 Collata
881 1533 996 1632 igitur
1016 1548 1180 1632 utraque
1191 1549 1241 1606 tot
1251 1531 1324 1606 seba·

361 1675 516 1724 ecorum
526 1648 812 1721 tuberculorum
831 1647 1002 1738 historia‚·
1018 1665 1059 1723 ut
1076 1653 1123 1722 in
1143 1676 1188 1723 eo
1210 1672 1324 1749 quoque

362 1767 564 1842 convenire
599 1763 768 1855 videbis,
795 1765 900 1863 quod
930 1769 1072 1839 viscera
1103 1768 1261 1867 quaedam
1278 1766 1322 1838 sub

360 1887 488 1960 tunica
509 1886 560 1956 sic
581 1882 677 1954 male
701 1905 739 1954 se
759 1881 946 1972 habente,
967 1900 1075 1957 erant
1102 1902 1224 1959 tamen
1245 1908 1321 1968 sana;

360 1990 414 2078 ita
429 2003 640 2100 discrepare
658 2016 740 2072 tum
770 2001 1083 2098 symptomatibus
1101 2059 1111 2094 ‚
1137 2001 1322 2075 animadver-

358 2137 432 2204 tes,
448 2135 528 2192 turn
542 2116 629 2190 sed'e
647 2117 759 2188 etiam
781 2115 1083 2208 tuberculorum‚
1103 2147 1185 2220 quae
1202 2123 1236 2192 in
1249 2125 1320 2188 Bero

357 2238 496 2311 linensi
515 2231 780 2308 observatione
799 2250 946 2308 tantum
972 2237 1103 2328 abest,
1135 2257 1176 2313 ut
1194 2237 1279 2312 sicuti
1294 2236 1318 2302 in
1373 2301 1374 2317 ¹

358 2355 520 2456 quadam
534 2353 738 2426 Roedereri
748 2377 901 2451 quoque
914 2353 1158 2455 historia(1)‚
1174 2353 1319 2428 skirrhosa
1372 2375 1373 2403 1

361 2472 586 2572 corpuscula
607 2470 825 2544 cellnlosam
843 2487 1074 2574 occuparent
1097 2473 1318 2550 substantiam

360 2591 399 2663 id
417 2588 605 2688 singulare
633 2585 841 2676 habebant,
862 2603 927 2674 ut,
957 2588 1027 2660 hac
1057 2615 1210 2689 prorsus
1234 2587 1317 2668 saba,

360 2710 398 2779 in
414 2706 567 2806 propria
580 2706 681 2802 ipsa,
697 2701 884 2802 firmaque
903 2698 1117 2802 peritonaei‚
1136 2719 1197 2779 aut
1219 2705 1317 2804 pleurae

357 2825 544 2896 haererent
568 2820 810 2911 membrana3
836 2835 917 2893 tum
944 2821 1113 2921 denique
1141 2841 1183 2896 ut
1200 2819 1316 2895 exterius

359 2941 555 3014 tubercula
572 2954 696 3012 essent
715 2939 840 3026 nulla,
864 2939 930 3024 sed
957 2941 1117 3014 interius
1140 2941 1260 3013 omnia.
1280 2927 1315 3004 td

358 3073 532 3132 externos
549 3074 698 3158 autem‘,
717 3056 904 3155 simulque
928 3059 1099 3130 internos
1121 3075 1268 3131 tumores
1282 3061 1315 3119 at·

358 3179 453 3247 tinet
470 3168 683 3247 observatio
698 3173 833 3264 altera,
857 3199 970 3272 quam
992 3191 1078 3248 ante
1096 3177 1196 3249 illam
1211 3167 1314 3245 Mente

358 3295 429 3365 lius
458 3291 619 3380 indicat,
634 3291 682 3362 ab
701 3317 762 3381 se,
783 3306 820 3363 et
833 3291 1037 3366 clarissimo
1048 3291 1248 3392 professore
1263 3285 1313 3354 Zin-

356 3412 422 3482 nio
439 3409 478 3478 in
491 3405 633 3482 infante
646 3407 832 3497 habitam,
853 3411 958 3506 cujus
969 3427 1104 3509 praeter
1117 3423 1232 3512 partes
1242 3423 1311 3477 cere·

355 3528 417 3600 bri
437 3525 645 3612 induratas,
668 3525 898 3624 conglobatae
923 3527 1106 3626 glandula
1134 3543 1210 3603 toto
1229 3521 1309 3595 ferme

359 3669 519 3743 corpore
536 3643 732 3716 skirrhosae
748 3659 865 3741 erant.

355 3847 1305 3881 Μ

392 4015 437 4097 (1)
456 4017 536 4075 Dias.
551 4017 587 4075 de
600 4017 678 4076 uteri
689 4012 825 4092 skirrho,
841 4037 872 4075 n.
888 4020 939 4080 18„
