2782 4652
133 411 1009 484 mnv.nraunnpnrsremuneraremsrrsr.rx.
1038 394 1109 494 399

108 535 214 608 tione
223 528 581 618 subsederant3nan1
597 509 1110 626 ipsaquoquenatiumettes·

107 649 382 749 tiumproxima
391 644 607 745 superficies
615 646 666 721 ita
683 643 844 722 lacerata
852 662 951 738 erat,
969 666 1012 724 ut
1027 650 1110 750 dig-

107 767 219 846 nosci
235 762 587 864 seprotuberantioe
602 787 682 838 non
698 777 861 860 possent.
872 764 930 836 Ad
939 763 1018 842 haec
1028 793 1111 866 quae

107 900 248 986 preter
274 897 448 958 naturam
474 881 655 979 incapite
679 895 880 979 conspecta
902 897 1010 973 sunt,
1034 885 1110 958 dno

107 1015 317 1102 supersunt
348 1024 432 1098 quas
466 997 625 1087 addam,
659 997 841 1076 nimirum
863 998 1112 1076 vertebralem
1225 1077 1227 1084 ,

106 1121 288 1204 arteriam
302 1119 513 1205 sinistram,
531 1130 736 1214 antequam
756 1115 796 1188 in
813 1115 1011 1190 basilarem
1026 1143 1114 1194 con·

106 1239 267 1330 flueret,
290 1234 514 1321 subdurum,
542 1255 723 1322 crassam,
742 1232 867 1308 albam
889 1259 936 1308 ex
958 1234 1113 1327 dimidia

106 1355 226 1432 fuisse
249 1368 373 1453 parte:
403 1351 566 1428 molares
588 1365 711 1426 autem
730 1341 981 1451 posteriores,
1016 1353 1112 1430 inie-

5 1547 13 1556 ,
105 1473 310 1570 rioresque'
326 1469 460 1544 dentes
481 1468 682 1566 plerosque
702 1483 766 1542 aut
783 1483 954 1558 truncos,
968 1473 1113 1572 nigros·

61 1661 65 1666 .
106 1615 187 1689 que
204 1591 317 1664 etiam
335 1589 377 1662 iu
395 1585 586 1660 radicibus
604 1583 738 1674 fnisse,
765 1602 808 1658 ut
828 1612 849 1660 a
869 1585 1028 1678 dextris,
1050 1606 1113 1662 aut

105 1707 262 1808 penitus
275 1703 478 1792 excidisse,
494 1717 567 1776 uta
586 1704 765 1792 sinistris,
778 1702 895 1801 idque
908 1729 929 1775 a
941 1720 1112 1804 tempore

108 1850 193 1904 non
220 1825 273 1896 ita
300 1823 429 1910 brevi3
456 1845 544 1897 nam
576 1819 828 1912 alveolorum,
853 1845 903 1894 ne
929 1821 1113 1896 indicium

107 1942 268 2042 quidem
287 1937 450 2014 restabat
471 1938 612 2026 ullum,
635 1937 714 2015 imo
731 1938 855 2037 ipsum
871 1962 1020 2012 osseum
1040 1965 1114 2014 ma·
1183 1970 1185 1976 ·

107 2061 208 2136 xillae
230 2081 370 2158 corpus
403 2057 480 2155 jam
509 2079 548 2130 se
576 2055 632 2128 ibi
656 2070 908 2143 contraxerat,
939 2056 1114 2132 subsede-

108 2194 257 2276 ratque.
282 2181 328 2252 Et
345 2201 394 2248 ne
411 2199 433 2248 a
450 2175 570 2274 capite
589 2197 738 2252 osseum
755 2174 836 2270 ejus
849 2170 1015 2252 luterum
1033 2201 1114 2274 pro·

109 2295 342 2392 ductamque
375 2291 416 2364 in
446 2290 522 2366 hoc
549 2292 667 2364 cranii
698 2313 849 2368 caveam
881 2291 1116 2393 disjungamt

107 2437 203 2490 cum
223 2410 416 2488 vertebras
437 2411 591 2484 'cervicis
616 2433 770 2498 omnes,
803 2409 1007 2508 pluresque
1032 2411 1115 2484 tho·

107 2529 210 2614 racis
222 2541 421 2616 reseratas,
436 2526 698 2628 inclusamque
709 2523 911 2600 medullam
929 2527 1113 2625 spitualem

108 2645 360 2744 inspicerem,
382 2642 460 2718 vidi
478 2644 577 2718 inter
590 2639 693 2728 ‚hanc
716 2657 753 2716 et
770 2641 886 2739 piam,
916 2665 1030 2738 quam
1051 2667 1114 2716 vo-

109 2761 453 2860 cmtffleuiugem
475 2761 516 2832 in
536 2757 794 2858 superioribus
814 2756 969 2855 quidem
988 2757 1113 2838 thore·

108 2881 168 2958 cis
187 2876 378 2954 vertebris
390 2875 439 2952 ad
457 2877 573 2975 spatia
588 2899 668 2949 non
690 2874 840 2950 modica
855 2873 1018 2952 effusum
1038 2900 1115 2952 san·

111 2996 286 3094 guinem,
300 2993 482 3092 huncque
503 2991 634 3068 aiacis
655 2993 881 3092 posteriori,
897 2992 945 3065 ab
963 2992 1113 3070 eadem·
1151 3055 1165 3064 .

110 3137 193 3212 que
209 3112 425 3209 meningem
445 3109 549 3186 illam
566 3111 617 3185 ita
640 3134 661 3184 e
686 3135 825 3190 carneo
841 3109 1039 3186 rubentem
1057 3137 1114 3186 co

112 3231 214 3320 lore,
234 3229 381 3304 nullum
397 3242 441 3302 ut
464 3225 717 3327 sanguiferum
740 3229 780 3302 in
800 3253 843 3304 ea
861 3253 924 3302 vas
949 3255 971 3302 a
993 3232 1113 3329 capite

110 3347 163 3424 ad
176 3345 339 3422 thoracis
357 3341 438 3418 iere
457 3345 626 3421 medium
643 3333 847 3444 agnoscere
866 3346 1011 3437 liceret,
1026 3372 1113 3423 cum

111 3464 165 3540 ab
186 3464 366 3538 anteriori
387 3461 483 3540 tacis
506 3464 642 3536 arteria
665 3489 746 3562 qnae
773 3462 932 3562 simplex
951 3488 1020 3563 per
1038 3489 1115 3538 me·

112 3582 222 3656 dium
240 3577 451 3670 ferebatur,
480 3579 640 3654 distenta
672 3578 852 3680 sanguiue
878 3582 1116 3678 conspicere·

113 3713 189 3772 tur.
214 3695 287 3772 Sed
307 3713 344 3770 et
361 3721 483 3772 crassa
498 3699 653 3770 meninx
673 3723 749 3796 qua
774 3696 1032 3770 vertebrarum
1058 3701 1115 3768 in·

114 3829 225 3888 terna
234 3815 634 3905 lateraconvostiebat,
653 3839 675 3887 a
691 3814 916 3889 subsistente
933 3816 1114 3912 sanguine

114 3934 225 4032 quasi
236 3933 456 4032 nigricabat.¹
477 3933 643 4026 Thorax,
668 3958 802 4032 quem,
823 3947 866 4007 ut
882 3931 1053 4036 quaedam
1071 3959 1117 4008 ex
1175 4027 1178 4036 ,
