2824 4652
120 409 1031 526 uer.nssnnrnnrssnprn.mentor-nnsnuv.
1054 411 1124 494 535

122 553 267 632 circum
282 551 401 626 basim
416 553 467 628 ita
483 571 522 624 se
537 549 745 640 attollebat,
764 573 851 626 eum
870 577 989 652 eaque
1009 553 1128 628 cohae·

123 667 293 758 rebat,nt
303 681 440 744 excute
452 664 536 742 fieri
550 691 671 740 cornu
682 667 913 767 intelligeres
919 671 1025 772 juxta
1032 669 1127 744 Mal-

95 820 100 838 ,
122 783 562 884 pighii(1)sententiam:
577 799 615 856 et
630 783 724 881 qnid
741 782 843 856 aliud
856 784 1022 885 denique
1038 800 1127 859 sunt

121 927 305 992 verrueae,
324 901 397 976 nisi
424 901 639 1000 products,
660 899 925 1000 morbosaeque
943 904 1042 980 eutis
1061 927 1128 1003 pa-

121 1019 244 1120 pilloe?
260 1020 361 1092 Basis
371 1019 547 1118 pollicem
566 1017 737 1118 sequabat
749 1071 759 1107 ,
772 1018 892 1106 unde,
909 1021 1001 1094 coni
1009 1022 1128 1098 instar

121 1151 339 1213 antrorsnm
356 1137 516 1229 curvati,
530 1137 667 1210 sensim
681 1136 906 1226 mitescens,
924 1138 963 1210 in
980 1140 1127 1238 apicem

117 1253 261 1331 abibat.
271 1258 413 1342 ‚Totum
428 1279 569 1336 cornea
584 1269 664 1332 erat
682 1254 837 1343 duritie,
855 1252 1053 1356 superficie
1069 1279 1129 1328 au·

122 1389 201 1446 tem
224 1373 350 1451 striata
382 1371 601 1466 secundnm,
627 1371 925 1470 longitudinem,
955 1370 1062 1446 facile
1089 1370 1129 1444 id

119 1514 276 1590 quoque
292 1488 341 1577 ab
355 1489 571 1568 ,intervallis
588 1490 687 1562 inter
716 1489 876 1588 papillas
898 1491 937 1564 in
967 1490 1125 1588 longum

120 1621 345 1708 pergentes,
363 1607 512 1683 relictis.
544 1607 742 1706 singulare
769 1606 808 1684 id
837 1605 926 1695 fuit,
957 1605 1062 1706 quod
1084 1621 1127 1680 ut

119 1721 221 1808 stolo
234 1749 281 1798 ex
299 1723 419 1801 humo
434 1746 508 1804 snae
518 1724 690 1822 proxima
713 1721 842 1800 arbori
858 1749 897 1798 se
917 1724 1069 1812 attollit,
1085 1717 1126 1802 'et

122 1842 361 1943 pullulat,ita
370 1839 509 1916 excute
522 1841 693 1946 proxima
701 1841 811 1914 lateri
827 1840 980 1936 majoris
987 1865 1128 1929 cornu,

123 1961 282 2036 alterum
298 1959 375 2064 ld*
394 1983 565 2050 erescere
578 1959 816 2036 corniculum
830 1973 1009 2056 coeperat,
1027 1957 1128 2034 illins

123 2077 267 2166 simile,
285 2076 358 2148 nisi
372 2075 478 2174 quod
496 2089 538 2148 nt
560 2075 744 2175 subtripla
764 2073 891 2154 adhue
903 2088 985 2152 erat
1001 2073 1124 2171 longi-

124 2195 275 2282 tudine,
300 2209 337 2266 et
357 2192 622 2282 crassitudine,
637 2195 693 2270 sic
710 2191 874 2270 necdum
898 2217 941 2270 so
959 2189 1129 2274 inflecte*

124 2314 199 2388 bat.
217 2310 289 2386 Sed
307 2311 354 2388 de
372 2309 447 2386 hoc
459 2312 555 2387 ostis

172 2433 229 2502 De
247 2429 448 2508 ventriculi
469 2443 596 2504 eutem
615 2427 813 2506 doloribus
830 2442 964 2528 preter
979 2452 1023 2504 ea
1043 2409 1126 2526 qud

122 2507 222 2622 infra
238 2545 293 2641 (r)
306 2569 400 2620 eum
414 2547 642 2645 oystioorum
655 2545 887 2620 calculorum
903 2570 973 2644 per
988 2533 1127 2644 angus·

126 2679 186 2742 tos
218 2663 373 2736 hilarios
400 2663 537 2736 ductus
575 2687 769 2762 egressum
812 2659 1128 2740 commemorabi·

125 2805 232 2871 mus,
249 2802 270 2852 a
287 2777 403 2852 uobis
415 2776 521 2860 facile
533 2779 821 2892 indicabuntur,
836 2779 967 2879 plures
979 2794 1127 2854 exstant

125 2898 419 2979 observationes
426 2921 447 2970 a
464 2893 678 2972 Christiano
700 2877 913 2973 Wenekero
933 2893 1126 2999 productae

89 3043 94 3098 1
126 3039 213 3094 cnm
228 3014 432 3088 historia
398 3016 554 3111 virginis
575 3040 645 3114 per
666 3041 710 3114 ²7
731 3039 852 3090 annos
872 3014 1126 3118 ventriculum

125 3132 358 3236 perforat-um
380 3129 555 3206 habentis
576 3132 650 3230 (3):
683 3158 768 3232 qnoe
795 3156 944 3222 omnes,
962 3145 1028 3212 aut
1048 3130 1125 3208 fere

126 3275 259 3332 omnes
284 3243 486 3327 ventriculi
508 3250 634 3327 ulcera
655 3265 889 3358 proponunt.
917 3255 961 3328 ln
990 3250 1123 3328 iisdem

128 3393 225 3467 saepe
241 3368 403 3446 vomitos
419 3365 553 3448 creber
573 3385 825 3474 mernorstnr,
843 3369 883 3446 in
904 3393 979 3446 una
995 3366 1056 3463 (A)
1071 3366 1127 3442 oi·

229 3686 350 3744 Dissert.
362 3685 479 3761 epistol.
488 3675 530 3744 'de
542 3705 625 3750 eoru.
637 3683 734 3768 reget.

231 3788 270 3844 N·
295 3803 330 3842 12
345 3796 374 3842 et
385 3803 447 3862 seq.
