2836 4648
207 485 209 490 .
327 423 398 526 598
489 447 538 496 nr
562 417 712 494 sturnus
734 443 779 492 nr
802 443 929 494 erosis
954 443 1170 498 noanonusr

249 559 251 565 ’
326 565 445 661 ipsas,
461 558 550 634 alias
563 557 637 629 alio
651 573 827 657 tempore
845 555 1012 648 habitas,
1030 559 1331 656 observationes,

219 699 222 706 ·
326 675 397 778 ego
414 674 665 776 quoquealias
672 674 780 748 aliter
789 673 836 747 de
852 675 919 748 illo
928 678 1069 788 sentire
1081 697 1245 754 coactus
1261 683 1330 755 sim.

325 801 434 871 Nunc
448 809 574 867 autem
587 817 673 866 cum
692 793 765 891 prb
776 791 994 892 sphinctere
1004 799 1180 896 proponi
1192 799 1332 874 videam

323 913 437 986 fibras
450 935 513 984 eas
524 912 623 1008 ipsas
641 933 725 1008 quae
737 909 787 984 ad
804 897 935 984 vcdcae
952 910 1143 986 orificium
1162 917 1247 1010 ‘sitae
1260 943 1330 990 non

325 1030 510 1120 musculi,
535 1027 602 1103 sed
619 1027 812 1126 ligamenti
832 1041 1066 1120 natura,suo
1081 1033 1166 1131 ipse
1183 1059 1205 1105 e
1224 1036 1331 1109 latere

231 1129 233 1132 ⁵
325 1151 470 1222 circum
495 1158 733 1245 prementes,
759 1144 879 1216 urinae
896 1146 1037 1220 eiitum
1055 1148 1332 1241 intercludant,

324 1264 448 1340 donec
461 1259 712 1335 validioribus
729 1262 912 1360 potentiis
934 1265 1086 1338 urinam
1115 1267 1332 1366 expellenti·

272 1445 274 1448 .
322 1383 396 1458 bus
410 1379 564 1470 cedant,
579 1377 716 1480 hisque
735 1380 970 1455 cessantibus
989 1397 1120 1482 suapte
1132 1386 1170 1454 vi
1188 1385 1332 1460 elastica
1402 1441 1403 1448 κ

250 1585 254 1594 ,
322 1527 361 1577 se
378 1501 561 1574 continuo
579 1499 799 1588 restituant,
812 1511 850 1571 et
876 1493 925 1571 ad
942 1501 1152 1602 pristinum.
1170 1501 1331 1576 officium

323 1609 501 1698 redeant3
516 1606 702 1708 ipsamihi
718 1631 757 1680 se
771 1609 827 1681 rei
841 1609 1061 1710 simplicitas
1071 1615 1330 1695 commendat,
1402 1643 1403 1678 i

323 1745 361 1802 et
379 1725 575 1827 quomodo
591 1723 775 1799 fibrarum
792 1725 943 1798 illarum
969 1727 1237 1821 distractioni,
1254 1753 1331 1803 ero·

324 1849 423 1922 sioni
444 1844 621 1918 incisioni
642 1843 910 1942 impotentiam
937 1845 1130 1918 retinendi
1155 1847 1244 1920 lotii
1272 1851 1330 1922 im·

322 1981 457 2066 putare
471 1963 632 2062 possim,
649 1961 825 2034 ostendit.
839 1964 918 2036 Nec
934 1963 1203 2062 minusplacet
1217 1969 1331 2065 gravis

322 2086 456 2182 utique
472 2077 703 2154 difficultatis
722 2079 873 2152 solutio.
891 2081 987 2154 Nam
1004 2081 1036 2153 si
1052 2079 1208 2154 nullum
1224 2085 1329 2158 estin

323 2200 554 2299 ligamenta,
589 2194 726 2270 sedin
762 2195 998 2270 musculosas
1036 2197 1223 2276 duntaxat
1252 2225 1330 2301 par-

323 2333 379 2390 tes
392 2315 597 2392 voluntatis
609 2315 835 2414 imperium
849 2314 917 2414 qui
929 2311 995 2406 fit,
1013 2315 1195 2408 dixisses,
1217 2335 1261 2393 ut
1266 2343 1330 2419 pro

323 2435 482 2510 arh'itrio
508 2433 730 2506 hominihus
753 2433 865 2506 liceat
880 2435 1029 2506 urinam
1046 2433 1109 2508 vel
1134 2437 1178 2508 in
1210 2437 1330 2510 medio

326 2577 441 2627 cursu
458 2553 582 2626 statim
600 2549 809 2624 cohibere?
820 2552 1059 2650 Responsum
1071 2565 1137 2624 -est
1148 2553 1282 2652 igitur,
1298 2553 1328 2625 id

324 2672 440 2743 licere
457 2693 537 2742 non
549 2683 713 2769 propter
730 2665 913 2764 fibrarum
922 2667 1088 2774 illarum,
1101 2670 1169 2753 sed
1180 2687 1330 2772 propter

325 2789 487 2862 musculi
505 2788 680 2862 levatoris
689 2773 753 2858 ani
767 2780 1067 2860 contractionem
1082 2789 1229 2863 suailla
1237 2804 1329 2892 parte

328 2931 411 3005 quae
433 2907 534 2979 inter
557 2917 785 3005 prostatam,
807 2919 846 2977 et
871 2902 1036 2980 urethrae
1062 2903 1231 2980 bulbum
1253 2907 1331 2980 huic

328 3023 527 3120 subjicitur
551 3046 647 3098 ansae
659 3023 786 3095 instar.
803 3023 925 3114 Quam
950 3047 1025 3122 ego
1052 3012 1223 3098 musculi
1242 3027 1331 3100 illius

325 3155 472 3242 partem
475 3140 1158 3240 pseudosphinctertlsvesicaenomine
1171 3144 1334 3244 designa·

326 3257 572 3356 verim,quod
581 3272 862 3334 tamennomen
872 3257 1130 3358 sphincterem
1142 3265 1335 3363 supponit,
1400 3247 1401 3308 3

326 3377 393 3478 qui
405 3376 534 3450 nullus
548 3389 612 3450 est.
631 3379 775 3449 Verum
786 3401 857 3476 ego
873 3391 916 3450 ut
931 3377 1190 3478 intelligeret,
1211 3405 1261 3455 eo
1275 3405 1335 3454 no·

327 3499 431 3568 mine
446 3518 534 3567 usus
551 3517 635 3566 sum
653 3495 800 3594 quousi
812 3495 869 3570 illi
886 3509 1018 3582 erant,
1037 3495 1224 3572 adversus
1242 3522 1336 3599 quos

325 3615 379 3687 ibi
394 3609 633 3712 disputabam
650 3639 658 3683 :
676 3635 893 3711 quanquam
912 3613 944 3686 si
964 3609 1062 3686 forte
1080 3615 1166 3713 ipse
1193 3641 1332 3690 nomen

324 3718 447 3821 istud,
463 3755 485 3802 a
507 3755 585 3829 qua
601 3729 878 3804 consuetudine
897 3731 1010 3832 longe
1027 3755 1183 3832 semper
1210 3735 1332 3822 abfui,

258 3938 260 3943 y
325 3850 463 3922 veteris
473 3849 561 3920 loco
579 3850 1009 3948 imponereroluissem3
1026 3875 1107 3924 non
1121 3852 1261 3944 rideo,
1272 3855 1332 3952 qui

325 3981 623 4065 consequeretur
664 3954 813 4042 vesicae'
836 3967 1094 4067 sphincterem
1135 3973 1330 4072 supponi,
1400 4055 1401 4080 χ
