2858 4658
296 463 367 526 so'
459 461 505 519 ns
532 457 678 519 srnmus
703 461 747 515 rr
771 465 896 516 cnums
920 467 1129 521 nonnosum

291 583 502 687 juscemodi
518 580 645 655 morbi
661 595 818 653 externa
836 587 874 652 in
888 591 1088 681 postremis
1111 585 1301 663 collocan-

295 721 387 786 tem,
403 704 508 802 prius
523 715 650 772 autem
659 703 853 796 sanguinis
869 713 904 770 et
918 700 1119 775 humorum
1135 731 1299 780 massam

293 821 496 905 vr'scidam,
511 841 650 905 acrem,
671 816 1035 914 corruptam'debitis
1051 826 1205 895 internis
1223 836 1300 896 cori

292 948 480 1038 rigentem.
511 935 660 1008 Scilicet
683 934 840 1005 missum
867 935 908 1004 in
934 935 1122 1031 ejusmodi
1152 940 1304 1016 morbis·

292 1057 513 1154 sanguinem
525 1067 613 1124 tam
631 1049 834 1141 viscidum,
857 1066 896 1123 et
912 1058 951 1123 iu
969 1054 1171 1152 coagulum
1182 1067 1300 1156 ,quasi

291 1171 487 1245 densatum
500 1168 786 1268 deprehendere
797 1187 1059 1261 consueverat,
1073 1187 1116 1244 ut
1125 1180 1199 1247 vix
1205 1199 1298 1274 pos·
1315 1193 1317 1198 ’

289 1307 346 1363 set
354 1295 534 1390 separari.
879 1383 885 1390 .

293 1443 301 1458 ·
340 1409 373 1480 8.
394 1412 441 1480 At
467 1409 591 1494 enim,
611 1406 759 1504 inquis,
780 1429 907 1503 neque
930 1407 1142 1505 retropulsa
1173 1409 1297 1484 scabie

292 1549 441 1625 semper
458 1526 611 1624 nigrum
628 1523 784 1612 lotium,
812 1547 937 1622 neque
961 1525 1001 1595 in
1019 1525 1199 1618 scabiosis
1213 1553 1299 1600 om·-

289 1643 402 1718 nibus
418 1641 631 1716 istiusmodi
655 1646 877 1739 sanguinem
899 1641 1297 1744 'videmus,-measque

288 1762 384 1837 mihi
403 1761 557 1859 objicis,
574 1760 663 1832 alias
678 1759 736 1857 (1)
751 1758 799 1830 ad
815 1775 852 1832 te
871 1761 1048 1860 scriptas,
1063 1760 1298 1836 observatio-

289 1899 380 1955 nes:
396 1881 608 1979 quasivero
627 1879 814 1976 optimum
839 1877 918 1977 ipse
947 1881 989 1950 in
1017 1878 1195 1953 scabiosis
1210 1903 1296 1954 san·

290 2001 444 2098 guinem
463 1997 740 2085 observassem,
764 2021 892 2093 neque
916 1997 1024 2069 aliter
1046 1999 1087 2069 in
1106 1998 1188 2072 aliis
1203 2023 1295 2098 pec·

292 2131 462 2202 cantem,
486 2131 552 2186 aut
569 2115 677 2211 quasi
692 2113 733 2182 in
752 2113 886 2202 variis,
925 2129 968 2185 ut
1000 2117 1104 2188 varia
1136 2131 1192 2188 est
1213 2139 1294 2190 soa-

287 2234 387 2325 bies,
423 2234 636 2305 variae’esse
660 2255 741 2302 non
764 2244 919 2330 possent
944 2233 1138 2329 sanguinis
1167 2257 1294 2328 noxae,

286 2355 631 2425 variivenoxarum
650 2347 809 2448 gradus,
829 2363 912 2438 aut,
937 2348 1044 2448 quod
1055 2351 1294 2449 potissimum

284 2469 472 2550 attendas·
494 2467 626 2556 veiim,
657 2468 765 2565 quasi
789 2465 901 2538 aliud'
915 2465 985 2539 tibi
1013 2467 1292 2542 ostendendum

287 2589 553 2685 suscepissem,
569 2608 683 2682 quam
705 2585 863 2656 minime
877 2599 1002 2657 tutum
1019 2609 1099 2660 csse
1112 2588 1301 2686 'neglecta'

284 2708 434 2778 interna
449 2704 663 2792 curatione,
679 2700 841 2776 scabiem
849 2719 1291 2778 nonrecentemexterna

285 2823 466 2894 duntaxat
479 2820 640 2920 abigere.
662 2823 772 2892 Certe
791 2835 915 2893 autem
942 2845 1029 2894 cum
1052 2821 1093 2892 in
1112 2821 1297 2919 pluribus-

283 2939 483 3028 scabiosis,
496 2939 605 3010 sicuti
618 2936 797 3028 aliorum,
816 2939 968 3036 meique
981 2939 1098 3036 ipsius
1114 2936 1287 3013 observa·

281 3060 405 3132 tiones
418 3069 625 3144 testantur,
649 3077 729 3126 non
744 3079 857 3128 omne
881 3057 1014 3129 vitium
1033 3057 1081 3127 -in
1108 3072 1192 3130 cute
1216 3059 1284 3149 sit;

204 3249 207 3256 ,
279 3173 476 3274 quomodo
490 3187 615 3244 tutum
634 3193 714 3245 esse
731 3174 850 3272 possit
865 3174 906 3244 in
925 3172 1104 3247 omnibus
1120 3176 1284 3273 promis·

280 3317 350 3366 cue
370 3305 495 3364 cutem
513 3313 663 3378 sanare,
680 3289 860 3362 interiora
878 3290 1069 3390 negligere
1085 3293 1100 3363 i
1115 3315 1281 3391 quorum

164 3495 170 3510 ἡ
277 3409 496 3508 expurgatio
518 3407 550 3479 si
567 3405 705 3478 non‘in
721 3407 923 3496 omnibus,
951 3422 990 3482 at
1011 3409 1052 3478 in
1078 3409 1124 3482 iis
1149 3409 1280 3482 saltem

276 3550 443 3626 quorum
472 3523 656 3596 naturalia
685 3525 874 3598 emissaria
901 3547 982 3595 non
1004 3547 1109 3621 aeque
1131 3540 1278 3623 patent,

256 3637 345 3742 'per
359 3641 609 3716 exulceratam
633 3655 760 3714 cutem
778 3667 824 3714 ex
841 3651 947 3740 purte
958 3637 1098 3728 fiebat,
1118 3656 1182 3716 aut
1194 3640 1278 3717 fieri

307 4013 352 4094 (ι)
368 4015 467 4092 Epist.
485 4023 541 4092 49,
558 4033 589 4070 u.
602 4010 651 4071 25.
