2700 4660
268 393 341 469 208
435 417 482 466 oe
503 415 654 480 ,seuerus
679 417 723 464 rr
747 395 872 466 crusis
897 413 1109 468 norroanu

271 535 371 606 alue
390 555 566 618 venerea,
592 529 728 608 medici
749 530 1114 622 animadverterunt,
1134 530 1273 606 cariem

271 651 445 724 videlicet
467 672 587 744 usque
607 646 701 719 adeo
719 672 975 746 progressam,
993 665 1035 722 nt
1063 675 1149 724 ossa
1170 652 1278 724 nullo

272 769 426 866 negotio
455 767 495 836 in
522 763 726 854 cadavere,
754 781 824 838 aut
852 789 1096 865 quocumque
1118 769 1279 840 viventis

273 885 398 969 adhue
423 882 588 954 hominis
615 897 721 956 motu
748 881 1035 982 frangerentur:
1065 886 1279 980 eujusmodi

275 999 1279 1100 exempla,nelougiusteabdueam,quoeBlawius(1),

274 1113 1281 1216 aliiqueediderunt,indicando‚habesinsepulehreti
1344 1119 1345 1170 t

275 1237 346 1310 hac
362 1239 413 1308 IX
431 1238 602 1310 sectione
622 1236 697 1334 (a),
714 1239 803 1310 etin
818 1242 846 1308 V
863 1237 917 1332 (3)
934 1236 1047 1334 hujus
1058 1239 1178 1336 ipsius
1192 1238 1278 1310 libri

274 1361 335 1430 IV.
361 1360 403 1426 In
435 1356 628 1452 proposita
658 1356 760 1426 enim
793 1355 971 1428 Valealvae
1008 1356 1169 1428 muliere
1199 1379 1280 1427 ossa

182 1499 184 1504 ·
277 1489 383 1547 erant
401 1472 556 1571 quidem
575 1473 614 1542 in
635 1471 833 1569 superficie
850 1475 1127 1570 spongiosa,et
1144 1465 1192 1544 ad
1207 1497 1281 1544 me-
1344 1503 1345 1516 ¹

277 1591 467 1664 dituilium
488 1589 714 1687 quibusdam
741 1603 887 1662 tantum
911 1591 1006 1662 locis
1031 1591 1195 1680 cariosa,
1219 1589 1282 1663 sed

277 1711 370 1782 locis
394 1709 534 1782 caeteris
550 1707 597 1778 ad
615 1707 894 1794 meditullium,
916 1724 953 1780 et
967 1723 1046 1780 tota
1062 1724 1168 1806 parte
1185 1711 1282 1780 inter
1344 1709 1345 1746 ³

279 1828 366 1914 hoc,
382 1842 418 1903 et
428 1823 665 1926 superficiem
682 1827 876 1922 interjecta
891 1827 970 1898 sine
979 1829 1076 1898 carie
1092 1833 1283 1899 erautlta·

262 1973 354 2046 ·que
372 1971 450 2018 non
469 1943 760 2042 frangebantur,
780 1943 846 2016 sed
862 1943 1133 2032 flectebantur,
1155 1949 1279 2044 sicque

279 2089 359 2138 non
383 2087 509 2138 exesas
535 2060 655 2134 multo
684 2062 844 2134 maxima
872 2087 916 2132 ex
940 2078 1045 2160 parte
1065 2061 1200 2151 fibras,
1220 2061 1280 2136 sed
1344 2059 1345 2100 ³

281 2181 464 2256 emollitae
497 2203 576 2255 esse
606 2177 866 2253 ostendebant.
907 2179 1016 2251 Unde
1047 2195 1176 2252 autem
1208 2181 1281 2252 haec
1344 2163 1345 2248 i

282 2297 465 2372 emollitio
481 2297 496 2366 i
513 2298 607 2368 Nam
632 2297 661 2370 si
691 2320 841 2383 carnea,
876 2313 940 2368 aut
963 2297 1135 2394 pultacea
1164 2311 1282 2371 essent

282 2413 1280 2513 faeta;nondeessentquossequereris,ingeniosissimi

280 2537 372 2624 viri,
389 2533 653 2628 conjicientes,
671 2534 710 2604 in
734 2532 860 2604 locum
877 2557 1067 2605 ossearum
1088 2535 1298 2633 particula-¹

247 2709 248 2712 ,
280 2679 387 2728 rum,
413 2675 506 2749 quas
521 2649 580 2720 vel
600 2650 639 2722 in
659 2653 761 2724 sanis·
778 2649 917 2736 deteri,
944 2665 1055 2748 atque
1081 2650 1215 2724 abradi
1237 2649 1277 2721 ab

284 2771 431 2848 ossibus
466 2767 643 2853 credunt,
676 2791 791 2840 novas
819 2766 987 2862 ejusdem
1013 2783 1055 2839 ut
1090 2784 1278 2868 parerat,

283 2889 431 2989 generis
444 2911 522 2960 non
534 2883 646 2956 fuisse
658 2883 850 2973 suffectae,
870 2885 935 2956 sed
946 2886 1057 2986 longe
1071 2888 1177 2976 alias,
1195 2911 1282 2958 nuu-

283 3031 398 3105 quam
416 3005 453 3076 iu
472 3002 649 3074 duritiem
668 3027 811 3076 osseam
831 3003 1003 3074 coituras,
1036 3007 1155 3102 Igitur
1170 3008 1202 3078 si
1218 3003 1279 3076 tibi

283 3146 437 3222 quoque
453 3118 581 3195 lubeat
600 3119 827 3215 conjecturis
838 3119 1034 3218 indulgere
1049 3147 1058 3209 ;
1077 3125 1280 3220 excogitan·

255 3239 259 3249 ”
284 3235 354 3312 dus
372 3239 434 3308 hic
447 3236 587 3322 humor
599 3251 676 3325 est,
697 3237 820 3333 quiin
833 3261 917 3310 ossa
936 3237 1059 3309 illatus
1067 3293 1081 3326 ,
1098 3241 1177 3336 ipsa
1197 3259 1276 3336 pos·

284 3359 331 3430 sit
350 3353 529 3427 emollire.
559 3354 730 3450 Namque
759 3367 863 3424 extra
885 3377 1044 3452 eorpuS,
1064 3353 1103 3426 id
1123 3369 1179 3427 est
1198 3375 1276 3426 cum

189 3466 191 3470 ’
284 3497 368 3552 ossa
395 3471 514 3544 multo
542 3470 721 3568 rigidiora
752 3485 860 3560 sunt,
892 3495 972 3542 non
1002 3471 1130 3546 deesse
1157 3475 1222 3570 qui
1244 3453 1277 3538 iii

309 3777 366 3853 ,(ι)
387 3775 464 3849 spa.
480 3771 517 3832 u.
532 3772 565 3828 c.
580 3771 644 3828 aec.
662 3771 697 3840 a,
711 3772 749 3826 a.
764 3787 779 3842 7
793 3771 870 3840 aa,
888 3771 952 3828 ou.
970 3769 1035 3828 151.
1057 3748 1059 3758 ’

323 3877 367 3953 (a)
388 3871 694 3943 Obs.r,§13et1!,.

319 3978 365 4064 (3)
386 3978 458 4034 Obs.
476 3993 511 4044 1,
528 3977 596 4043 Sa,
612 3978 642 4032 et
658 3971 757 4034 Schol.
771 3969 809 4032 ad
825 3973 841 4041 5
858 3989 903 4030 to·

1323 4547 1345 4620 f
