2836 4648
319 455 390 552 ⁶7²
472 475 529 532 reat⁴
544 471 692 535 srnms
717 479 761 528 rr
786 473 913 528 causis
940 450 1160 530 nonnosum

315 609 375 666 ter
394 591 518 666 auteni
537 609 688 666 uterum
708 575 940 666 exhibuitin
960 593 1155 698 sinistram
1178 591 1329 693 partem
1414 589 1415 634 i

317 709 678 784 vaide'inclinatum.
709 707 766 782 Ab
796 707 1006 811 eademque
1034 725 1145 810 parte
1179 709 1332 791 nullum

317 854 473 928 prorsus
489 831 627 920 orarii,
649 830 796 903 nullum
813 829 899 906 finis
916 830 1018 934 tuba
1034 831 1245 930 vestigium
1268 856 1332 928 pe-

314 937 478 1020 ‘rattente
512 949 721 1050 inquirenti
749 947 843 1021 mihi
879 948 988 1021 licuit
1022 947 1331 1048 deprehendere.

274 1062 278 1073 '
317 1063 426 1140 Tuba
443 1067 570 1156 enim,
597 1081 781 1166 quantum
805 1063 933 1138 videre
953 1067 1188 1165 potui‚n0n
1221 1089 1334 1155 cava,
1415 1103 1416 1138 1

318 1183 383 1255 sed
397 1183 532 1275 solida,
549 1185 611 1256 vix
628 1183 674 1256 ab
693 1199 803 1256 utero
816 1199 977 1256 tractum
991 1183 1208 1288 digitorum
1220 1181 1334 1256 trans

315 1323 511 1373 versorum
536 1325 688 1374 emensa
710 1317 790 1374 erat
812 1302 949 1392 trium,
976 1325 1063 1372 cum
1094 1299 1151 1372 ibi
1171 1301 1331 1400 repente

307 1408 510 1490 'desinebat
524 1413 677 1518 {neque
694 1418 879 1494 indicium
901 1395 1083 1504 lusionis,
1105 1419 1331 1518 corruptio-

315 1537 374 1606 nis
400 1535 582 1636 cicatricis
607 1535 735 1607 ultum
752 1535 812 1608 vel
833 1531 1033 1609 minimum
1063 1534 1171 1624 illic,
1199 1553 1270 1609 aut
1295 1539 1330 1607 in

314 1637 695 1752 vicinia'apparebat,
716 1665 797 1722 uta
819 1651 1037 1750 primordiis
1060 1677 1192 1750 usque
1221 1655 1263 1726 se
1285 1654 1331 1726 ita

155 1791 158 1798 ·
189 1823 193 1834 .
253 1811 255 1818 ·
314 1793 375 1841 res
392 1767 566 1842 habuisse
580 1767 833 1841 videretur.a
852 1767 1100 1842 dextristuba
1112 1768 1240 1842 finem
1254 1773 1331 1870 qui·

315 1885 402 1958 dem
415 1885 459 1958 ad
477 1889 647 1958 ovarium
666 1885 848 1974 habebat,
871 1885 937 1960 sed
960 1888 1011 1958 ita
1029 1911 1116 1957 cum
1137 1887 1220 1959 boc
1236 1914 1329 1960 con·

314 2019 475 2090 cretum,
496 2019 538 2075 ut
551 1997 675 2102 neque
688 2001 789 2076 illius
810 2001 967 2075 fimbriae
978 2003 1060 2075 ullae
1072 2007 1326 2104 apparerent,

313 2145 441 2221 neque
461 2122 650 2208 orarium,
669 2144 747 2192 non
768 2122 890 2194 excisa
908 2145 990 2220 quae
1014 2145 1131 2221 super
1149 2145 1328 2196 accreve-
1416 2179 1417 2184 η

314 2253 373 2312 rat
390 2237 506 2328 tuba,
525 2252 652 2338 posset
671 2238 710 2310 in
731 2253 978 2338 conspectum
995 2235 1146 2328 venire,
1160 2264 1324 2342 parvum

309 2345 539 2458 'praesertim
559 2370 602 2428 ut
625 2371 715 2428 erat.
745 2356 799 2428 Ex
820 2353 977 2428 subalba
1005 2355 1208 2430 constabat
1236 2357 1325 2430 sub-

313 2475 466 2562 stantia,
481 2499 564 2574 quae
576 2475 692 2563 incisa
702 2471 845 2562 ,albido
858 2473 1020 2546 humore
1031 2476 1133 2570 intus
1147 2474 1326 2561 madens,

311 2591 534 2692 aibidosque
547 2591 754 2664 nonnullos
769 2589 1004 2666 concludens
1015 2589 1201 2690 'globulos
1218 2593 1323 2664 co'ns·

311 2725 417 2810 pecta
434 2725 499 2782 est.
526 2711 686 2796 Uterus,
708 2709 797 2782 dum
814 2711 890 2780 una
908 2734 995 2782 curn
1014 2710 1172 2810 vagina,
1193 2725 1235 2784 et
1261 2735 1324 2782 ve·

311 2829 385 2935 sica
398 2813 497 2926 ,quae
514 2809 594 2900 erat
608 2828 933 2916 maxima,et'iotio
946 2827 1323 2929 distenta‚rectoque

308 2948 488 3018 intestino
507 2942 787 3031 detraheretur,
806 2943 925 3048 simul¹
937 2962 1227 3046 magnapraeter
1246 2949 1323 3018 ruo

309 3087 390 3133 rem
412 3063 451 3134 in
474 3086 553 3134 non
573 3062 705 3162 pingui
727 3063 933 3160 prasertim
952 3063 1132 3150 muliere,
1155 3058 1323 3164 pingue·

309 3177 408 3254 dinis
423 3179 533 3278 copia
550 3176 811 3253 animadversa
824 3193 881 3251 est
894 3179 1072 3252 intestino
1089 3179 1145 3251 ilii
1160 3181 1324 3254 circum·

305 3299 422 3398 jecta3
442 3295 551 3370 simul
573 3320 685 3394 grave
712 3296 818 3370 olens
840 3295 972 3386 icbor,
997 3321 1101 3394 aquae
1122 3297 1260 3372 similis
1282 3301 1321 3371 in

308 3440 384 3516 qua
404 3436 492 3486 caro
519 3437 651 3488 recens
669 3413 746 3488 lota
766 3428 837 3502 est,
874 3438 894 3488 e
923 3412 1106 3516 pudendo
1126 3430 1166 3486 et
1180 3413 1321 3516 podice

308 3533 445 3606 exibat.
472 3532 622 3604 Uteriui
640 3547 766 3604 autern
795 3529 905 3604 fundi
922 3533 1082 3605 interior
1106 3527 1225 3604 facies
1242 3548 1322 3606 tota

306 3651 383 3724 uda
397 3663 477 3722 erat
494 3647 657 3724 humore
674 3649 778 3722 lento
798 3648 927 3722 colore
941 3647 1114 3722 subflavo
1134 3646 1264 3739 fusco,
1283 3665 1320 3724 et

308 3767 506 3855 obsoleto,
524 3791 594 3866 per
607 3791 723 3866 quem
742 3765 918 3841 rubentia
936 3781 1094 3866 puncta,
1118 3779 1157 3839 et
1169 3769 1321 3842 lineolae

311 3883 672 3985 transpiciebantur,
702 3911 786 3982 quae
813 3885 999 3985 oppressis
1032 3883 1167 3958 subtus
1191 3885 1320 3990 digitis

310 3999 553 4096 crescebaut,
573 3999 621 4076 ab
643 4026 821 4103 expresso
853 4001 1028 4080 videlicet
1046 4004 1249 4104 sanguine.
1275 4009 1323 4082 Iu
