2858 4658
286 385 334 464 86
444 415 491 461 nr
517 411 663 464 sanares
681 407 733 462 -ar
758 407 894 464 orusrs'
908 411 1130 466 momorum·
1165 443 1178 454 0

287 551 370 626 quae
393 519 439 599 ad
457 529 592 601 toalias
611 531 729 602 missae
744 525 1147 620 sinit-observationem
1167 529 1215 604 ad
1234 547 1298 604 ur·

287 671 417 718 mores
445 646 529 718 illos
562 648 790 738 attinentes,
820 673 898 720 una
935 650 1024 728 baeo‘
1044 666 1243 748 superest‚·
1274 677 1296 726 a

287 764 470 836 Mediavia
483 781 616 836 nostro
634 755 958 842 shabitaext'remo
980 765 1187 866 septembri
1203 771 1296 856 anni

290 881 395 980 1739.
688 899 691 902 '
982 907 1012 918 ··

312 1025 315 1032 ·
341 999 548 1068 adinveni
568 998 606 1066 in
622 998 740 1082 altero
760 1000 916 1072 cervicis
934 1000 1050 1080 lature
1060 1015 1194 1072 mmor
1216 1016 1299 1074 orat

289 1115 535 1189 exulceratus.
553 1119 639 1206 Quo
658 1118 699 1187 iu
711 1117 1183 1216 ulceraquidpiamareani
1194 1118 1299 1192 illius

254 1263 258 1290 ¹
291 1232 458 1332 pulveris
477 1259 550 1332 ope
570 1234 897 1333 quem-Philippus
915 1238 1111 1310 Masierius
1136 1238 1300 1327 corrosa

289 1377 379 1424 uum
398 1345 649 1450 magistralem
668 1345 938 1452 appellareset
959 1355 1039 1452 ipse
1066 1352 1302 1445 felicissime,

293 1471 359 1543 sed
387 1472 596 1543 cautissime
618 1494 795 1569 quoque,
822 1470 1006 1544 adbibere
1034 1465 1301 1561 consue-ierat,

293 1613 379 1659 cum
392 1589 513 1658 visum
527 1603 623 1660 esset
637 1587 816 1686 chirurgo
833 1585 1128 1677 absumendumi
1142 1611 1186 1662 ex
1199 1615 1245 1662 eo
1261 1605 1300 1666 et

292 1703 429 1792 febris,
453 1721 489 1778 et
506 1705 617 1778 dolor
641 1707 897 1803 capitisque
924 1722 1033 1778 antea
1057 1707 1135 1802 jam
1165 1723 1300 1796 erant,

291 1837 400 1894 aucta
424 1837 512 1894 sunt
540 1821 657 1908 ade0,
685 1835 728 1892 ut
758 1847 883 1920 neque
909 1823 1067 1920 repetita
1104 1824 1301 1920 sanguinis

289 1941 487 2025 missione,
500 1939 540 2008 in
558 1963 636 2036 quo
657 1939 821 2010 crustula
837 1938 1021 2037 polyposa
1041 1963 1133 2012 nou
1148 1941 1298 2029 deerat,

288 2080 416 2155 neque
439 2056 695 2145 diluentibus,
730 2057 946 2153 caeterisque
969 2072 1050 2128 tum
1070 2055 1184 2145 datis,
1214 2073 1298 2130 tum

291 2173 470 2244 adhibitis
485 2173 664 2245 remediis.
677 2173 948 2246 decrescerent.
974 2179 1069 2270 Nam
1094 2175 1166 2246 etsi
1185 2174 1302 2252 dolor

290 2291 432 2388 inipso
452 2292 578 2363 ulcere
606 2308 660 2364 est
677 2293 914 2381 imminutus3
933 2294 973 2362 in
995 2289 1129 2364 frontev
1148 2308 1301 2383 tamen,

289 2408 357 2480 ubi
369 2409 543 2481 acerbior
561 2425 659 2499 erat,
678 2434 887 2507 numquam
904 2410 1058 2481 remisit.
1081 2415 1215 2508 Itaque
1230 2411 1300 2482 de-

190 2523 193 2538 '
290 2524 429 2614 limus,
449 2544 486 2600 et
510 2529 711 2600 convulsus
736 2553 834 2626 aeger
856 2527 958 2598 obiit.
984 2531 1126 2617 Tumor
1148 2527 1300 2624 subjec-

289 2659 374 2716 tum
392 2645 605 2717 musculum
620 2670 862 2742 nequaquam
875 2645 1026 2722 laeserat.
1041 2648 1076 2714 Is
1089 2658 1169 2716 erat
1181 2669 1299 2740 quem
1327 2741 1330 2748 y

202 2847 207 2852 Ι
288 2761 496 2834 levatorem
517 2763 675 2860 scapulae
698 2763 887 2848 vocitant,
914 2761 976 2832 illa
1003 2759 1175 2832 videlicet
1188 2777 1300 2857 parte

288 2904 365 2978 qua
380 2875 647 2950 communibus
664 2878 793 2950 subest
810 2879 1090 2976 integumentis.
1102 2877 1301 2950 Glandulee

286 2997 370 3092 ejus
380 2997 707 3093 laterisjugulares
725 2997 876 3068 tumidae
893 3009 1019 3082 erant,
1037 3010 1074 3068 et
1093 2994 1205 3066 durae.
1226 2999 1297 3066 Ce-

288 3113 392 3186 rebri
411 3138 497 3186 vasa
514 3115 641 3185 omnia
665 3115 847 3212 sauguine
863 3113 1052 3184 distenta:
1074 3111 1298 3188 medullaris.

286 3231 515 3318 substantia,
553 3229 787 3330 ubicumque
831 3231 1039 3318 incidereS‚
1079 3232 1299 3329 sanguineis

283 3347 437 3445 punctis
453 3347 649 3436 distincta,
675 3364 712 3420 et
723 3349 805 3447 ipsa
819 3348 972 3444 quidem
991 3347 1104 3444 longe
1119 3347 1295 3438 mollior,

283 3488 401 3561 quam
416 3463 571 3562 'aequum
600 3480 721 3555 esset3
748 3490 836 3538 cum
867 3463 1054 3540 curticulis
1081 3464 1294 3544 secund-,um

282 3595 457 3653 naturam
489 3606 527 3654 se
557 3582 726 3656 haberet.
761 3588 805 3654 lu
830 3581 1045 3658 lateralibus
1070 3583 1295 3658 ventriculis

222 3782 223 3790 ἵ
280 3697 400 3773 multa
413 3724 512 3797 aqua
527 3700 696 3798 limpida.

326 3841 390 3890 ar.
406 3819 482 3889 Etsi
502 3841 592 3888 caro
605 3843 650 3888 ex
665 3815 858 3889 ulceribus
884 3838 1130 3904 excrescens,
1148 3831 1293 3912 quanto

231 3917 233 3922 ⁵
283 3933 456 4039 periculo
477 3933 517 4006 iu
537 3933 714 4036 extremis
726 3937 898 4035 corporis
916 3932 1089 4035 partibus
1112 3932 1294 4008 remediis
