2746 4662
373 3503 387 3580 )

375 3601 386 3683 )

265 3793 268 3798 Δ
374 3700 461 3781 )

375 3804 386 3881 )

374 3904 385 3958 i

311 429 380 522 185
471 455 518 506 nr
543 453 690 504 supinus
712 455 758 504 nr,
782 452 906 504 cansrs
930 453 1139 504 nonnosum

306 569 547 668 praegravari,
567 569 704 667 partim
731 567 888 642 distrahi
912 593 1064 642 necesse
1088 582 1192 642 esset.
1209 572 1300 640 Prae-
1354 620 1357 660 7

306 703 453 786 gravata
470 702 613 776 autem,
631 703 668 760 et
682 688 861 760 distracta
876 711 955 759 non
971 702 1119 785 poterat
1135 711 1221 760 sane
1237 711 1300 758 suo
1356 759 1357 766 χ

267 845 268 850 =
308 803 433 878 officio
463 803 628 904 perfecte
656 802 765 904 fungi
797 807 836 877 in
875 805 1067 904 particulis
1098 829 1191 903 quas
1219 803 1301 875 alias
1356 857 1357 896 3

307 923 420 1011 solet,
436 921 650 1012 inutilibus,
667 940 704 996 et
716 925 838 996 noxiis
848 949 870 994 a
882 910 1064 1020 sanguine
1078 920 1298 1020 separandis.

306 1042 479 1138 Denique
490 1056 596 1112 erant
612 1040 652 1111 hi
669 1041 803 1114 calculi
813 1043 853 1112 in
866 1038 1022 1112 renibus
1037 1041 1118 1136 ejus
1133 1040 1297 1144 corporis

305 1159 346 1230 in
360 1159 465 1254 cujus
490 1154 598 1229 fellea
613 1161 705 1256 cysti
723 1159 816 1232 alter
836 1157 1120 1246 continebatur,
1146 1171 1184 1228 et
1201 1153 1297 1254 quod
1356 1211 1357 1246 3

306 1276 570 1373 consequitur,
587 1276 629 1348 in
655 1301 701 1348 eo
717 1300 878 1375 corpore
908 1275 1013 1373 quod
1037 1274 1171 1372 egebat
1187 1272 1297 1370 magis
1356 1333 1357 1367 ,

306 1393 540 1492 separatione
574 1393 724 1465 illarum
763 1393 1056 1492 particularum,
1096 1391 1199 1466 velut
1242 1414 1296 1462 su·

304 1515 373 1609 pra
391 1510 444 1608 (1)
460 1510 666 1582 indicatum
681 1525 745 1582 est.
768 1513 845 1583 Nec
867 1533 949 1582 sum
964 1508 1119 1606 quidem
1137 1508 1298 1591 nescius,

306 1625 412 1700 facile
439 1629 603 1727 possein
627 1626 759 1701 iisdem
788 1626 1015 1726 corporibus
1042 1651 1126 1723 quae
1145 1623 1299 1696 obnoxia
1356 1711 1357 1718 ἵ

305 1737 394 1818 sunt
415 1771 548 1818 renum
567 1746 743 1835 calculis,
770 1744 885 1818 felleae
911 1769 1066 1843 quoque
1094 1745 1206 1840 cystis
1236 1740 1302 1814 cal·
1356 1813 1357 1830 ἶ

306 1863 413 1936 culos
430 1863 612 1963 produci;
631 1863 709 1936 imo
729 1863 768 1936 id
786 1865 855 1936 alia
878 1863 968 1933 olim
988 1863 1147 1959 epistola
1166 1859 1221 1958 (a)
1242 1858 1302 1930 fas·
1356 1917 1357 1954 ᾗ

307 2006 370 2056 sus
395 2006 495 2071 sum,
510 2007 585 2080 qua
603 1998 776 2080 repertos
802 1983 840 2052 in
857 1981 1047 2052 Cardinali
1065 1977 1140 2050 hoc
1158 1978 1301 2076 amplis·
1356 2041 1357 2068 ,

306 2103 402 2171 simo
421 2099 733 2188 commemoravi3
755 2123 826 2170 nec
846 2097 940 2168 mihi
968 2096 1174 2195 proclivius
1197 2091 1299 2193 quid
1356 2151 1357 2188 3

306 2242 418 2314 quam
437 2231 618 2346 estquarn
636 2241 715 2285 non
738 2239 877 2314 paucas
897 2213 1067 2313 proferre
1089 2238 1224 2285 eorum
1245 2209 1301 2282 ob·
1356 2267 1357 2298 ,

306 2333 534 2404 servationes
554 2333 619 2430 qui
634 2347 800 2429 utroque
814 2332 951 2404 simul
942 2359 981 2403 tn
998 2333 1084 2403 loco
1099 2330 1300 2430 depreben-
1356 2383 1357 2424 ζ

306 2449 441 2521 derint.
459 2449 569 2520 Nam
573 2464 708 2548 praeter
721 2464 778 2521 tot
800 2449 890 2522 alias
905 2473 998 2548 quas
1018 2450 1187 2520 invenies
1210 2468 1300 2519 arne
1356 2467 1357 2540 3

305 2567 376 2640 tibi
390 2565 479 2638 alibi
496 2565 550 2664 (3)
564 2582 894 2654 commemoratas,
915 2582 951 2637 et
969 2581 1105 2664 praeter
1122 2566 1300 2663 insignem
1356 2597 1357 2682 p

307 2684 411 2755 illam
436 2709 519 2782 quac
543 2708 564 2754 a
588 2684 633 2756 cl.
654 2683 788 2755 Pohlio
806 2683 864 2782 (Δ)
890 2684 1099 2773 indicatur,
1122 2698 1159 2756 et
1184 2677 1301 2779 Sepul-

306 2800 438 2872 chreto
460 2799 548 2872 addi
564 2815 711 2898 posset,
725 2803 763 2872 in
780 2801 1027 2899 Sepulchreto
1046 2803 1130 2898 ipso
1150 2824 1216 2872 sex
1231 2821 1301 2869 me-

302 2920 397 2988 mini
422 2917 571 3014 legisse,
597 2941 736 3014 easque
753 2943 886 2990 omnes
904 2917 1003 2989 libro
1025 2923 1076 2989 III
1096 2917 1180 3016 (5):
1215 2936 1300 3015 quas

303 3037 401 3106 inter
424 3033 611 3130 Greprbsii
628 3061 704 3106 una
728 3052 803 3124 est,
824 3036 898 3108 hoc
922 3038 1033 3108 etiam
1055 3061 1142 3108 cum
1161 3059 1294 3134 propo·

303 3153 372 3224 sita
386 3152 447 3222 hic
465 3176 487 3221 a
505 3149 616 3224 nobis
639 3154 887 3243 conveniens,
912 3153 1017 3252 quod
1037 3155 1137 3226 intra
1158 3158 1296 3226 'vesicu-

406 3606 501 3682 Epist.
514 3618 592 3664 anat.
609 3627 639 3680 1,
652 3627 684 3664 n.
698 3608 745 3676 48

342 3603 355 3681 (

342 3703 352 3766 i

342 3802 354 3879 (
407 3805 533 3864 Dissert
542 3808 579 3864 de
590 3818 685 3881 prost.
703 3807 808 3864 caleni.
821 3807 918 3864 affert.
934 3812 948 3878 S
962 3825 990 3880 7.

340 3903 383 3980 (5
406 3908 437 3963 S
456 3925 492 3963 aa
501 3906 1297 3980 ,obs.1;s.a3,obs.4,§10;s.at„obs.a,§12,

301 4003 400 4062 obs.6
409 4010 497 4078 Μ,
510 4007 646 4078 obsto,
660 4007 817 4079 secunda§
831 4012 866 4079 4,
884 4017 949 4066 ets.
964 4003 1018 4079 25,
1035 4007 1099 4066 obs.
1113 4027 1149 4084 9,
1163 4005 1217 4079 55.
