2782 4652
989 477 992 484 .
1039 416 1106 516 ⁸9¹

110 565 302 625 non'seous
313 575 361 624 ac
376 549 483 639 mibi,
504 561 541 624 et
558 548 696 649 legere,
708 558 746 622 et
761 549 909 640 audire,
931 565 970 624 et
979 552 1110 627 uidere

110 695 183 742 non
197 656 504 768 rarooontzge‘rit,
519 683 558 740 et
567 650 1108 767 iniisooourrentesaiiquando

109 790 323 860 morborum
340 809 465 859 causae
481 809 589 859 nosce
594 811 770 885 prorsus,
788 799 827 858 et
842 786 1109 884 inauditoejns·

111 917 165 975 tas
187 901 414 978 medentium
449 901 621 1002 querelas
645 904 873 1003 confirmant
894 902 943 976 de
973 885 1111 978 obdab
1158 976 1164 986 ,

111 1024 326 1094 morborum
345 1025 484 1108 causis,
521 1035 558 1093 et
585 1019 733 1094 sedibus
749 1029 842 1094 'non
862 1029 958 1096 satis
986 1021 1111 1096 adbuc
1143 1035 1148 1046 '

104 1135 327 1236 perquisitis.
347 1137 461 1232 Quod
470 1163 552 1210 oum
565 1144 686 1212 minus
698 1153 795 1215 certe
810 1145 1110 1212 anatornicorum

109 1253 363 1352 negligentiae,
392 1279 508 1354 quom
533 1259 590 1327 rei
612 1261 727 1356 ipsius
746 1271 893 1345 naturae
923 1261 1109 1329 immensa
1153 1329 1154 1332 ,

105 1372 399 1470 propemodum,
427 1387 464 1444 et
480 1377 730 1446 interminata
762 1372 1023 1473 imputandum
1043 1377 1108 1459 sit}

48 1493 52 1504 '
108 1487 202 1597 nihii
209 1505 417 1592 propterea
435 1493 531 1588 fieri
551 1489 717 1564 bauzano
736 1495 866 1588 generi
894 1489 1022 1562 utilius
1031 1513 1110 1590 po·

108 1619 188 1698 test,
206 1613 369 1706 quamsi
377 1613 547 1706 primum
561 1595 786 1708 {uisumque
796 1622 1002 1698 anatomen
1018 1603 1110 1710 coii-

19 1769 20 1774 κ
109 1748 207 1813 mus,
240 1747 386 1812 omnes,
412 1721 455 1796 'id
470 1725 577 1824 quod
601 1739 640 1798 tu
657 1713 805 1797 strenae
823 1724 948 1817 facis,
970 1727 1013 1795 'et
1027 1719 1111 1822 “ipse

17 1887 18 1894 κ
105 1864 175 1934 pro
194 1867 281 1914 mea
298 1843 523 1942 viriliparte
535 1845 671 1936 facere
681 1865 759 1914 non
767 1845 1015 1942 pratermisi,
1037 1863 1109 1914 ont·

16 2003 17 2016 ,
110 1980 187 2046 nes,
224 1964 397 2057 inquam,
427 1974 567 2033 conatu
588 1963 757 2032 unanimi
780 1957 1047 2047 conabamur-,¹
1068 1971 1112 2028 ut

13 2123 15 2160 ;
110 2089 250 2169 quanto
266 2076 395 2176 plnres
416 2075 459 2148 id
473 2097 599 2176 genus·
615 2056 892 2164 observatiorem
904 2080 1108 2175 possimus,

109 2187 144 2260 in
152 2190 351 2290 publicum
371 2195 512 2266 bonum
534 2197 786 2296 confluamus:
801 2209 878 2293 tum
892 2191 1046 2279 deinde,·
1062 2215 1108 2262 ne

110 2311 145 2376 in
151 2316 348 2406 posterum
364 2309 514 2384 accidat
531 2311 637 2409 quod
651 2336 728 2382 non
742 2308 859 2382 semel
877 2325 991 2382 antea
1011 2311 1109 2379 occi-

109 2422 226 2514 disse,
247 2425 451 2500 dolendum
467 2444 536 2517 est,
555 2443 599 2500 ut
616 2453 701 2502 oum
712 2427 928 2501 auctoribus
941 2429 1108 2500 observa·

110 2547 226 2616 tiones
258 2550 461 2633 intereant,·
484 2562 720 2645 promotores
746 2559 898 2618 cunctos
917 2567 1108 2640 rogemus,

112 2673 151 2729 ut
161 2659 364 2759 quasprius
373 2685 450 2734 non
465 2661 665 2751 ediderint,
676 2676 900 2734 senescentes
913 2659 1109 2758 colligant,

113 2789 225 2875 utque
243 2775 361 2849 edant
382 2785 415 2850 si
422 2805 506 2850 —non
526 2804 665 2869 meum,
685 2795 729 2852 ut
748 2777 894 2852 Mendii
910 2792 1024 2864 certe,
1045 2781 1113 2874 qui
1226 2863 1229 2876 Ι

113 2897 319 2966 imitatione
340 2895 472 2992 dignus
489 2911 560 2986 est,
576 2896 789 2995 exemplum
807 2909 1018 2992 sequentes,
1043 2917 1111 2964 neo
1207 2933 1208 2940 κ

109 3033 237 3105 pauca
258 3025 401 3102 tamen,
418 3028 461 3086 ut
476 3012 553 3102 ille,
571 3013 641 3086 sed
659 3019 785 3102 omnia
798 3036 897 3111 quse
918 3010 1114 3107 diligenter

115 3127 362 3217 observarint,
388 3155 533 3202 summa
556 3155 639 3202 oum
655 3129 744 3230 fide
758 3142 1026 3228 proponentes.
1054 3131 1113 3202 Sia

116 3251 229 3330 enim,
260 3261 329 3316 out
353 3271 431 3318 non
452 3245 577 3337 aliter,
593 3271 708 3346 posse
729 3245 880 3319 tandem
905 3243 1111 3342 aliquando

56 3363 59 3370 “
107 3361 199 3452 fieri
211 3363 440 3462 sperandum
463 3379 537 3451 est,
558 3381 602 3436 ut
614 3371 773 3463 posteris
799 3379 922 3436 tantus
939 3375 1115 3460 suppetat

115 3479 284 3550 numerus
302 3482 619 3570 observationum,
645 3497 823 3578 quantus,
839 3487 872 3552 si
899 3481 949 3552 ab
969 3478 1113 3550 solerti-

116 3594 198 3684 bus,
215 3602 381 3685 attentis,
401 3611 439 3667 et
458 3597 668 3668 studiorum
696 3598 823 3669 labori
844 3601 997 3668 assuetis
1020 3598 1115 3664 viris

117 3714 237 3784 morbi
250 3729 500 3812 symptomata
512 3719 550 3784 in
561 3739 690 3786 earum
706 3712 876 3812 singulis,
895 3727 932 3782 et
940 3713 1113 3813 partium

119 3824 303 3919 tonsiones,
335 3846 412 3902 tum
432 3837 469 3902 in
495 3831 579 3902 aliis
606 3833 773 3902 omnibus
796 3827 904 3900 haud
928 3825 1115 3900 dissimilis

115 3949 256 4039 generis
264 3960 302 4018 et
318 3947 405 4036 tito,
424 3962 461 4020 et
475 3947 537 4020 Itce
556 3954 653 4020 t'ttter
665 3971 705 4020 se
722 3948 982 4038 conferantur,
995 3968 1116 4046 quan⁴
