2746 4662
296 429 367 506 rot
454 456 503 504 os
524 455 674 504 surmus
696 456 743 502 nr
767 453 892 504 csnsrs
914 453 1125 504 mousom«
1215 462 1217 466 ¹

291 568 424 657 cende,
449 585 485 642 et
504 569 699 666 discipulis
727 568 1019 642 demonstrnnda
1048 595 1129 642 non
1161 572 1299 646 inutile

208 735 212 746 ·
290 685 386 758 mihi
404 686 490 775 iuit3
509 701 636 757 tamen
656 685 836 758 hoedum
855 709 1025 786 agerem
1046 687 1217 785 quaedam
1235 690 1298 762 ad·

290 805 418 876 notavi
434 803 511 874 huc
531 805 649 900 magis
667 805 904 900 pertinentia.
940 809 985 876 In
1012 820 1144 879 ventre
1166 806 1300 880 dexter

287 922 466 1018 jecinoris
478 920 589 993 lobus
605 946 749 993 summa
762 902 936 996 *convexa
950 920 1044 996 facie
1066 939 1148 998 erat
1164 949 1187 998 a
1212 949 1297 1022 pos·

289 1035 494 1110 terioribus
511 1037 561 1110 ad
569 1039 873 1112 anteriorasulco
883 1055 1082 1114 excavatus
1100 1041 1196 1114 adeo
1208 1067 1298 1140 pro·

289 1150 427 1243 fundo,
459 1169 501 1226 ut
524 1156 684 1254 digitum
710 1173 835 1256 posset
861 1159 1051 1255 excipere,
1078 1183 1206 1258 neque
1235 1161 1297 1230 alii
1368 1195 1369 1270 ᾗ

288 1270 447 1344 deerant
467 1273 565 1345 sulci
587 1274 662 1346 boc
686 1275 940 1348 dexteriores:
971 1277 1187 1372 cujusmodi
1204 1277 1299 1350 sulci
1368 1273 1369 1358 J

289 1390 320 1461 si
337 1390 375 1460 in
390 1391 612 1464 mulieribus
633 1392 897 1464 tantummodo
917 1409 1182 1480 occurrerent,
1215 1396 1300 1468 sus·
1368 1423 1369 1470 l

290 1507 434 1605 picioni
457 1524 583 1606 posset
604 1533 683 1581 esse
703 1510 826 1597 locus,
851 1535 900 1582 an
927 1509 1175 1598 arctioribus,
1205 1512 1298 1582 dnm

237 1707 240 1720 .
285 1625 458 1723 juniores
476 1641 584 1715 sunt,
603 1629 669 1698 imi
685 1629 873 1727 rigidique
886 1653 964 1725 quo
984 1629 1040 1700 uti
1056 1628 1198 1717 solent,
1216 1630 1311 1702 tho..
1368 1667 1369 1704 1

287 1745 384 1816 racis
414 1745 747 1817 constrictionibus
777 1745 1021 1818 deberentur.
1047 1751 1159 1818 Jecur
1172 1747 1299 1844 ipsum
1368 1789 1369 1840 t

288 1863 390 1934 intus
410 1877 589 1959 extraque
610 1877 733 1934 totum
758 1889 804 1935 ex
830 1823 996 1936 minimis
1019 1863 1115 1936 albis
1140 1887 1298 1961 corpus·
1368 1943 1369 1966 2

289 1980 381 2052 culis
399 1977 538 2051 facturn
558 1979 775 2066 videbatur,
794 2005 878 2079 quae
892 1973 1102 2053 interstitiis
1120 1978 1235 2052 fuscis
1252 2007 1300 2053 ex

291 2097 481 2169 subrubro
508 2097 612 2169 flavis
636 2099 864 2170 tenuissimis
879 2099 1213 2196 interciperentur,
1230 2099 1298 2172 lie·

287 2215 347 2286 nis
362 2213 474 2311 gibba
491 2212 603 2284 facies
622 2215 730 2310 quasi
749 2239 906 2287 acrassa
924 2214 1085 2312 quadam
1101 2229 1228 2287 crusta
1241 2215 1297 2288 al·

285 2330 460 2419 bicabnt3
480 2332 572 2402 sima
586 2333 693 2429 nigra
713 2347 802 2403 erat.
819 2335 945 2404 Testes
960 2331 1231 2430 strigosissimi,
1259 2346 1298 2406 et
1369 2395 1370 2418 ,

286 2451 326 2520 in
335 2449 605 2546 tenuemquasi
617 2448 795 2520 laminam
807 2448 1098 2546 depressi.Uteri
1107 2449 1300 2539 osculum,
1369 2449 1370 2532 ξ

287 2567 457 2666 amplum
468 2621 478 2655 ‚
489 2582 526 2638 et
541 2565 824 2664 quodammodo
835 2567 1085 2666 triangulare,
1104 2566 1209 2638 nulla
1226 2569 1300 2640 cir·

192 2725 194 2728 ·
287 2711 375 2758 cum
392 2684 662 2783 protuberante
681 2710 821 2757 corona
840 2684 1054 2756 ornabatur.
1073 2683 1196 2756 Fundi
1216 2687 1301 2758 uni·

285 2827 390 2876 versa
411 2804 569 2875 interior
588 2801 699 2874 sacies
722 2805 849 2901 nigra,
866 2817 903 2876 et
920 2826 1170 2900 gangraenosa.
1190 2801 1298 2876 Tho·
1369 2795 1370 2806 ¹

284 2943 411 2992 racem
422 2936 531 2994 eostre
548 2945 570 2991 a
587 2919 728 2992 dextris
739 2921 893 3018 quidem
908 2921 1128 3008 duodecim,
1148 2922 1298 2994 asinis-
1353 2995 1356 3002 ,

286 3039 354 3111 tris
370 3039 547 3110 undecim
575 3037 786 3138 cingebant.
806 3039 929 3110 Prima
944 3039 1047 3110 enim
1063 3036 1227 3126 barum,
1257 3057 1297 3113 et

288 3155 454 3228 secunda
477 3181 522 3227 ex
553 3181 632 3227 uno
661 3171 808 3228 tantum
839 3181 921 3229 osse
947 3155 1068 3228 multo
1090 3158 1296 3230 maximam

286 3289 432 3372 partem
445 3272 679 3346 constabant.
700 3275 849 3371 Scilicet
863 3299 932 3347 suo
951 3273 1105 3370 singulae
1124 3275 1297 3372 capitulo

287 3416 310 3462 a
325 3390 508 3463 vertebris
528 3389 726 3488 profectae,
744 3393 806 3462 vix
830 3390 937 3489 digiti
969 3392 1089 3489 spatio
1113 3413 1297 3482 emensis,

286 3529 408 3579 unum
419 3532 463 3579 os
482 3507 765 3598 latumfiebant‚
781 3511 913 3606 inquo
932 3508 1081 3580 nullum
1098 3507 1299 3582 divisionis

288 3649 372 3724 quae
394 3651 563 3724 unquam
583 3625 733 3714 suisset,
762 3626 974 3725 vestigium.
1004 3625 1047 3696 Id
1077 3649 1119 3698 os
1152 3625 1223 3698 ubi
1247 3651 1297 3700 eo

285 3759 528 3839 pervenerat,
545 3759 587 3814 nt
603 3744 717 3817 trium
738 3740 855 3816 ferme
874 3743 1078 3841 digitbrum
1091 3743 1297 3818 intervallo

287 3885 308 3930 a
326 3875 454 3932 sterno
473 3858 627 3932 distaret
651 3885 696 3930 ex
713 3885 874 3970 superna
893 3885 959 3932 ora
978 3875 1134 3934 teretem
1152 3860 1295 3937 oblon-

289 4001 372 4074 gam
398 3976 654 4074 cartilaginem
674 3981 734 4049 vix
752 3977 952 4052 dimidium
981 3977 1189 4054 latitudiuis
1226 3980 1296 4054 mi.-
