2746 4662
141 404 209 452 cir.
223 403 274 450 1x.
289 387 693 468 erudimentum„
708 393 778 452 etc.
792 399 904 452 nrtsr.
921 401 994 452 cvr.
1027 381 1095 478 115

87 519 190 607 idre,
201 531 373 604 tumore,
390 515 635 588 convulsione
649 517 852 602 contracti,
872 519 1099 592 tantoaltiuc

26 635 30 648 ’
88 639 130 708 in
143 635 341 709 acetabulo
351 634 451 706 idem
465 647 583 733 caput
592 633 788 706 conditum
800 645 1097 734 oppressumque

91 769 239 828 servant
249 743 319 842 ,ut
332 769 434 826 artus
451 753 574 850 paulo
586 752 740 826 brevior
756 753 936 826 videatur.
950 759 1098 846 Quanta

90 889 217 946 autem
234 873 272 942 vi
296 871 411 943 iidem
435 871 599 944 musculi
623 871 682 942 vel
705 873 866 944 naturati
895 873 1100 946 voluntatis*
1122 879 1124 884 '
1169 907 1171 916 ¹
1200 933 1221 946 .
1251 889 1254 898 “

90 991 252 1088 imperio
269 987 461 1060 interdum
476 987 772 1077 contendantur,
789 1013 895 1062 casus
911 991 951 1061 in
967 992 1100 1088 primis

92 1107 355 1194 demonstrat,
383 1105 430 1178 ab
449 1111 637 1205 Ingressia‘
658 1104 713 1204 (1)
733 1109 960 1205 descriptus,
980 1109 1101 1180 mino-²

89 1228 142 1298 ris
162 1223 415 1305 trochanteris
440 1249 509 1322 per
535 1225 742 1310 nonnullos
766 1225 945 1298 duntaxat
967 1235 1100 1298 eorum'

91 1369 189 1443 quos
206 1365 411 1443 generosus
431 1343 579 1438 juvenis
590 1343 628 1416 in
644 1343 846 1417 hastiludio
870 1357 1003 1441 praeter
1020 1351 1102 1416 mo&

93 1461 184 1534 dum
202 1461 468 1548 contenderat,
485 1488 506 1534 a
524 1459 666 1534 femore
680 1463 818 1534 auulsi:
837 1487 950 1560 quein
971 1487 1097 1536 casum

45 1622 49 1632 ·
92 1578 649 1653 minusincre‘dibilemfaciunt
667 1579 845 1678 Ruyschii
862 1605 938 1680 prae
959 1563 1100 1656 caeterid

93 1700 222 1770 icones
237 1697 313 1796 (a),
334 1697 472 1796 quihus
488 1699 663 1772 eumdem
683 1698 962 1772 trochanterem
975 1705 1102 1772 osten·

93 1817 146 1888 dit
166 1819 237 1915 qui
253 1818 425 1890 coctione
448 1817 487 1886 in
500 1817 639 1912 juvene
661 1815 850 1889 afemoris
876 1841 958 1890 osse
978 1841 1102 1890 reces³

96 1942 200 2008 ierat.
219 1936 385 2008 Femoris
402 1950 527 2006 autem
544 1935 662 2039 ipsine
680 1959 927 2034 quacumque
939 1931 1103 2008 fractura

96 2053 187 2126 adeo
210 2077 299 2124 raro
323 2055 403 2124 sinc
420 2069 679 2150 consequente
695 2051 969 2124 claudicatione
992 2077 1102 2126 cura-

96 2185 172 2261 tur,
190 2183 236 2242 ut
249 2171 378 2242 Cel'sus
389 2171 441 2268 (3)
458 2169 595 2240 diserte
614 2171 823 2268 scripserit,
841 2175 1012 2268 ignorari·
1023 2176 1102 2242 nori

98 2303 295 2386 oportere,
311 2289 652 2380 sisemurftactum
662 2302 732 2376 est,
737 2291 828 2384 fieri
837 2289 1002 2375 brevium
1013 2293 1103 2385 quia

98 2429 288 2504 nunquam
312 2411 351 2476 in
376 2413 572 2503 antiquum
600 2407 738 2478 statum
761 2409 980 2478 revertitur.-
1003 2429 1103 2478 sumd

99 2528 238 2621 mirque
255 2521 380 2620 digitis
401 2539 536 2621 postca
560 2529 677 2594 cruris
703 2524 781 2620 ejus
803 2529 928 2596 insisti.
949 2525 1104 2597 Brevius

101 2655 223 2712 autem
241 2639 284 2712 fit
308 2655 372 2713 aut
393 2642 481 2738 quia
503 2642 601 2712 inter
624 2639 796 2712 fractura
823 2655 987 2710 extrema
1016 2641 1105 2737 pars*

100 2757 223 2858 eliqua
241 2759 375 2830 amissa
398 2774 454 2832 est
471 2761 615 2859 quaein
640 2757 848 2858 fragmenta
868 2757 1017 2846 abierit,
1040 2761 1106 2830 aut

104 2879 188 2972 quia
202 2892 379 2950 ,extrema
397 2877 460 2948 illa
479 2874 701 2974 perdifficile
721 2877 771 2946 ita
792 2890 1039 2974 coaptentur,
1062 2889 1106 2948 ut

105 2995 279 3066 naturalis
298 2995 396 3066 ossis·
407 2991 544 3091 figura,
556 2982 597 3065 'et
608 2995 753 3092 positus
768 3007 981 3079 serventur,
1002 2992 1104 3064 velut

105 3110 198 3184 ineo
216 3112 421 3210 praesertim
441 3108 583 3182 femore
606 3112 713 3208 cujus
732 3111 820 3183 icon
845 3129 868 3182 a'
888 3113 1106 3182 Grutzmac·

107 3224 192 3300 liero
218 3231 272 3328 (4)
289 3228 388 3302 edita
405 3243 478 3316 est,
508 3245 572 3300 aut
596 3231 683 3328 quia
701 3229 760 3302 vel
777 3227 896 3326 probe
919 3245 1107 3325 coaptata,
1125 3235 1132 3245 ’

108 3345 186 3418 nisu
201 3361 333 3447 postea
355 3347 615 3419 musculorum
652 3347 912 3434 dimoventur,
938 3345 1043 3444 quod
1066 3346 1106 3416 iri

147 3627 186 3724 (ι)
205 3635 242 3705 In
255 3649 322 3705 Gal.
334 3647 356 3704 l.
368 3648 408 3704 de
423 3649 513 3704 ossib.
528 3667 554 3704 c.
569 3665 620 3719 ao,
633 3640 742 3704 contro.
755 3653 783 3717 4.

100 3742 134 3825 fl
148 3743 192 3824 (n)
209 3749 298 3805 Thes.
311 3758 391 3806 anat.
406 3747 441 3819 5,
459 3749 522 3807 tob.
535 3767 568 3820 a,
582 3747 632 3826 fig*-
646 3767 663 3804 α
676 3761 706 3806 et
719 3751 749 3808 ὃς

150 3843 190 3922 (3)
208 3849 253 3904 Do
267 3848 375 3906 medic.
392 3850 414 3904 1.
427 3848 462 3919 8,
475 3867 505 3908 c,
518 3867 568 3919 10,
581 3860 653 3908 sect.
669 3847 698 3908 5.

152 3940 192 4023 (4)
209 3947 333 4008 Dissert.
348 3948 385 4008 de
401 3967 460 4006 oss.
473 3948 614 4007 medulla.
