2746 4662
94 451 163 498 um.
179 441 231 499 rr.
247 452 293 498 ou
309 447 446 500 nonnis
459 445 655 517 curucam,
672 433 740 500 etc
753 451 864 502 misr.
882 453 952 502 cvr.
984 456 1054 531 109

49 563 119 638 bat.
135 569 320 637 Caeterum
337 565 378 635 in
398 565 535 637 sinistri
553 567 691 636 summi
710 563 863 640 femoris
875 571 1052 664 junctura

50 683 343 755 animadvertere
379 682 475 753 nihil
512 682 621 780 potui
662 681 764 756 unde
798 683 919 756 levem
949 687 1052 760 illam

49 801 357 872 claudicationem
366 813 594 897 repeterem,
608 800 680 872 nisi
691 797 787 872 forte
800 804 958 876 attinere
974 803 1055 890 huc,

49 916 382 1016 credasparras,et
392 917 491 990 leves
504 915 727 1004 duas,.inter
737 941 775 990 se
790 918 948 1008 vicinas,
964 922 1055 1004 sub-¹

49 1033 281 1133 suscasquasi
295 1035 538 1108 contusiones
556 1059 638 1131 quae
653 1035 693 1105 in
703 1033 924 1134 cartilagine
939 1092 949 1126 ,
966 1039 1052 1134 ejus,

48 1153 193 1226 lemoris
203 1167 317 1252 caput
332 1153 611 1242 convestiente,
628 1151 890 1245 cernebantur.

93 1297 145 1368 19.
156 1276 326 1344 Fuerunt
344 1285 382 1341 et
398 1269 574 1342 mulieres
599 1269 678 1342 aliae
701 1268 782 1342 duae
796 1269 1048 1354 claudicantes

47 1389 148 1483 (milri
164 1391 268 1460 enim
284 1388 496 1477 accidit,ut
514 1389 554 1458 in
579 1388 625 1460 iis
652 1390 785 1486 saepius
810 1387 882 1460 hoc
915 1390 1051 1477 vitium
1161 1450 1167 1474 ,

47 1504 411 1604 offenderim,quam
431 1505 472 1576 in
497 1505 602 1593 viris,
628 1529 676 1575 an
713 1489 827 1576 casu?
860 1529 908 1576 an
941 1507 1051 1606 quod,

46 1639 195 1722 propter
223 1625 348 1694 minus
385 1621 580 1694 robustam
617 1637 842 1696 structuram
876 1627 1048 1722 corporis

46 1739 94 1810 illi
110 1742 226 1838 magis
245 1736 392 1812 feminae
412 1739 582 1812 obnoxiae
604 1740 678 1811 sint
692 1739 730 1830 i)
760 1751 852 1836 quas
874 1764 960 1812 cum
989 1766 1045 1814 se.

47 1882 180 1948 carem,
208 1857 505 1930 manifestiorem
531 1859 612 1954 ejus
631 1857 712 1928 vitii
731 1881 879 1930 causam
900 1882 959 1930 me
977 1858 1043 1932 de-

46 1974 299 2072 prehendisse,
318 1974 522 2048 arbitratus
537 1997 641 2064 sum;
659 1989 790 2071 postea
806 1989 931 2046 autem
948 2000 1042 2054 num

47 2091 216 2190 deceptus
226 2117 346 2166 essem
357 2091 592 2165 dubitaviUt
604 2107 645 2164 ut
656 2094 720 2180 sit3
736 2090 1042 2185 observationem

46 2223 250 2308 utramque,
270 2213 385 2308 (nam
410 2226 447 2282 et
464 2209 535 2281 alia
561 2211 757 2282 continent
773 2233 856 2306 quae
882 2209 1041 2286 indubia

47 2342 142 2418 sunt,
157 2344 192 2400 et
208 2353 231 2402 a
246 2353 307 2400 me
326 2327 396 2399 tibi
412 2325 566 2399 fuerunt
581 2326 679 2398 inter
691 2325 758 2398 has
777 2326 917 2422 quaead
937 2329 1040 2400 clau·

46 2443 258 2519 dicationem
269 2461 454 2544 spectant,
464 2444 552 2516 alias
566 2443 863 2542 promissae),hic
873 2446 1038 2542 primum

46 2585 216 2659 exponam
228 2591 238 2654 3
250 2580 336 2636 ‘tum
359 2562 496 2636 deinde
516 2585 607 2633 meae
625 2560 870 2634 dubitationis
890 2585 1038 2634 causam

46 2701 111 2750 nou
126 2681 304 2754 reticebo.

87 2822 137 2869 ao.
157 2799 351 2870 Feminam
372 2797 563 2884 claudam,
581 2795 744 2867 necdum
763 2810 1038 2888 senescentem,

47 2909 199 3014 hydrops
228 2913 442 2988 confecerat
472 2916 571 2986 circa
597 2911 766 2984 medium
797 2912 1040 2994 decembrem

47 3034 121 3103 anni
139 3033 243 3131 1746.
278 3037 331 3104 Ex
348 3057 391 3106 ea
410 3047 604 3104 anatomes
623 3029 799 3104 studiosis
817 3029 1037 3120 cerebrum,

47 3149 245 3238 muliebria,
271 3165 308 3222 et
324 3149 539 3237 sinistrum,
566 3173 644 3245 quo
664 3147 956 3238 claudicaverat,
976 3175 1036 3220 ar-

48 3277 114 3338 tum
134 3271 173 3340 in
193 3269 420 3340 nosocomio
447 3267 729 3354 demonstrans,
757 3265 836 3338 haec
855 3266 1036 3340 duntaxat

46 3406 114 3479 quae
130 3385 193 3458 hic
212 3385 338 3456 locum
348 3383 513 3456 habeant
530 3383 716 3456 adnotavi.
740 3383 947 3456 Cerebrum
958 3387 1036 3456 exi-

45 3503 185 3591 mendo,
211 3502 457 3572 animadverti
481 3502 521 3571 iu
548 3525 669 3572 crassa
693 3503 888 3598 meninge,
915 3501 1033 3578 basim

45 3623 146 3690 cranii
164 3621 441 3706 conveniente,
453 3619 567 3716 paulo
585 3634 691 3706 ante,
709 3619 775 3690 sed
789 3620 967 3692 nonnihil
984 3621 1038 3700 ab·

44 3750 183 3808 externo
199 3737 336 3825 latere,
350 3735 483 3834 paule,
501 3737 677 3832 inquam,
694 3751 780 3807 ante
798 3734 968 3808 foramen
992 3740 1033 3808 iu

46 3853 134 3944 quod
145 3876 284 3926 nervus
306 3853 453 3950 opticus
467 3853 618 3924 sinister
631 3876 669 3923 se
691 3854 863 3947 conjicit,
891 3851 1034 3949 aliquid

46 3985 167 4044 restare
182 3969 304 4070 quod,
326 3971 357 4044 si
375 3969 494 4044 colori
512 3968 727 4058 crederem,
745 3968 929 4068 particula
949 3993 1034 4062 cor-
