2732 4654
234 283 246 314 ·
270 267 276 289 i

318 346 391 439 304
484 368 531 422 na
558 370 704 423 sautans
729 370 773 420 rr
798 371 923 422 crusis
948 369 1159 424 uonaoaurt

313 487 414 560 idem
429 485 615 560 orificium
635 501 714 556 atra
728 486 897 583 quinque
925 466 1096 585 stigmata
1114 489 1231 557 inusta
1250 500 1300 554 re·
1350 579 1351 582 Ἴ

312 607 432 703 perit,
460 606 499 675 in
519 605 635 675 altera
653 607 784 674 Petrus
807 604 971 675 Paawius
997 601 1052 699 (t)
1081 602 1174 674 illud
1194 604 1300 700 ipsum
1350 659 1351 664 ,

313 721 502 794 orificium
525 719 676 792 duobus
693 720 785 791 locis
810 729 960 792 erosum
980 719 1245 818 deprehendit,
1258 730 1302 787 at·
1350 797 1351 804 χ

313 859 387 938 que
414 857 456 910 ut
479 841 601 909 virum
621 837 773 910 silerent
796 836 842 908 ab
865 836 997 908 eodem
1022 837 1169 908 Paawio
1190 837 1242 933 (2)
1262 831 1301 902 ob
1350 833 1351 836 ’

313 955 484 1026 eamdem
506 953 759 1052 suspicionem
779 969 950 1048 apertum
971 953 1076 1050 (nam
1096 967 1229 1050 praeter
1242 951 1301 1021 ori·
1350 1031 1351 1034 Ἴ

311 1069 387 1143 ficii
406 1071 506 1141 illius
524 1093 670 1141 erosam
697 1068 964 1157 substantiam,
993 1093 1140 1140 erosam
1165 1089 1301 1166 quoque

312 1187 447 1258 habuit
459 1187 643 1284 reliquam
662 1188 849 1257 internam
868 1186 1070 1258 ventriculi
1083 1183 1302 1280 faciem),ca-

310 1331 399 1378 nem
423 1319 548 1375 tamen
567 1301 845 1404 producerent,
865 1303 911 1376 de
939 1328 1017 1402 quo
1036 1304 1076 1372 in
1101 1301 1299 1374 Historiisa

310 1420 486 1519 Wepfero
500 1421 554 1516 (3)
569 1421 699 1508 editis,
715 1422 781 1518 qui
799 1447 887 1493 cum
903 1422 1114 1492 arsenicum
1140 1419 1300 1491 devoras·
1349 1421 1351 1506 j

311 1554 367 1611 set
378 1537 587 1637 postridie
601 1553 775 1608 mortuus
789 1552 929 1635 atque
947 1559 1110 1623 mersus
1128 1557 1287 1606 cirea
1241 1549 1299 1604 st

310 1656 519 1727 inachum
505 1681 542 1724 uz
558 1654 746 1727 ventre'lcu
744 1679 767 1724 ο
784 1655 1018 1752 superficiem
1037 1654 1192 1724 rubram
1212 1657 1299 1722 etiu-
1350 1710 1351 1754 3

298 1776 544 1871 flammatum
561 1771 744 1859 ostendit3
772 1779 809 1842 iu
820 1770 950 1860 fundo
975 1785 1099 1842 autem
1118 1765 1351 1841 ventriculi

311 1905 348 1964 et
375 1897 473 1962 circu
495 1891 678 1990 pylorum
706 1889 776 1960 nul
775 1888 850 1960 lum
878 1891 1185 1986 zrfiammationis
1207 1887 1300 1958 vesti
1350 1868 1351 1874 ἵ

307 2015 419 2108 gaſtrum
442 2009 616 2105 Denique
639 2023 680 2078 ut
708 2007 842 2077 melius
863 2021 1061 2103 appareat,
1079 2029 1194 2102 quam
1222 1995 1351 2073 diffi

311 2127 405 2196 cde
398 2153 437 2196 m
448 2126 519 2197 hac
533 2123 883 2220 materiajudicium
902 2125 965 2214 sit,
974 2121 1094 2194 videri
1111 2118 1351 2220 aliquando

309 2259 434 2341 potest
471 2243 511 2312 in
551 2229 772 2336 hujusmodi
810 2237 1090 2340 suspicionibus
1124 2259 1297 2312 venenum
1350 2243 1351 2334 J

309 2363 433 2458 ipsum
463 2361 502 2428 in
535 2359 748 2430 ventriculo
781 2385 860 2431 esse
894 2357 1192 2462 deprehensum,
1219 2371 1257 2428 ut
1269 2377 1298 2422 tu
1350 2447 1351 2454 ἵ

309 2493 482 2548 matrona
497 2477 551 2548 de
547 2501 629 2572 qua
639 2476 774 2548 Bened
792 2476 986 2549 silvaticus
999 2476 1071 2573 (4),
1083 2473 1351 2574 pulvisculus
1346 2459 1351 2489 ‘³

308 2595 372 2668 ille
389 2595 525 2667 eoloris
541 2599 702 2664 ci'nertcit
699 2594 896 2666 ulceratae
914 2593 1115 2692 uentriculi
1126 2599 1235 2692 parti
1248 2583 1351 2675 ud

309 2713 512 2785 decrescens
529 2737 600 2809 pro
620 2708 903 2782 luculentissimo
930 2685 1074 2810 praebiti
1094 2713 1232 2782 veneni
1252 2714 1297 2777 iu
1344 2729 1349 2819 p

283 2831 408 2901 'dicio
437 2845 633 2927 acceptuS,
654 2829 713 2900 vel
737 2842 779 2908 ut
808 2831 846 2898 in
866 2830 1018 2939 Muralti
1044 2829 1173 2926 puella
1199 2823 1296 2926 paulo

308 2963 393 3018 ante
411 2961 641 3035 memorata,
662 2947 895 3044 pulvisculus
915 2946 976 3018 ille
994 2946 1089 3018 alter
1109 2968 1295 3028 arenosus,

308 3065 376 3161 qui
408 3089 453 3134 ex
485 3063 712 3135 humoribus
742 3064 783 3132 in
815 3064 1025 3136 ventriculo
1055 3061 1237 3150 inventis,
1268 3073 1295 3128 et
1349 3091 1351 3120 ι

306 3179 453 3258 mundo
479 3204 564 3250 vase
587 3181 751 3278 exceptis
771 3178 949 3253 subsedit?
981 3187 1123 3254 Verum
1151 3185 1221 3254 nisi
1241 3181 1293 3253 de·
1348 3124 1351 3232 i

307 3296 519 3398 prehensus
532 3297 655 3396 pulvis
677 3323 719 3368 ea
732 3300 839 3395 copia
855 3301 926 3389 sit,
946 3316 988 3372 ut
1005 3325 1025 3372 a
1044 3303 1176 3400 peritis
1189 3299 1292 3401 probe
1347 3287 1351 3428 ι

342 3615 390 3696 (1)
409 3618 443 3672 L.
464 3621 495 3684 4,
512 3611 665 3689 Sepulchr.
682 3633 705 3671 s.
717 3610 773 3672 hac
790 3633 839 3688 to,
855 3615 919 3672 obs.
935 3621 966 3689 4,
983 3619 1042 3688 §.p

346 3712 388 3795 (α)
410 3713 488 3769 lbid.
507 3718 521 3782 S
540 3715 568 3769 a.
641 3737 645 3743 -

343 3815 389 3891 (a)
409 3814 487 3869 rata.
502 3813 534 3866 tn
547 3812 704 3882 auditam,
720 3813 784 3872 obs.
802 3816 855 3888 13,
871 3811 939 3871 hist.
956 3831 1003 3872 n.
1074 3799 1077 3815 '
1094 3884 1099 3898 s

341 3911 389 3993 (4)
409 3911 481 3969 Ead.
497 3931 519 3968 s.
537 3929 589 3982 ιο,
606 3911 671 3970 obs.
688 3912 715 3970 5.
