2732 4654
87 447 153 498 mr.
169 445 218 493 ιν.
234 445 280 492 nr
294 441 431 492 nonnis
445 439 623 490 caraune.
634 472 645 507 ,
658 430 728 492 etc.
743 442 856 492 urrsr.
873 439 945 492 mr.
974 419 1045 496 333

46 566 142 663 pra(t
152 564 166 661 )
177 560 343 648 laudavi,
352 559 429 630 aliae
437 572 526 630 sunt
540 556 614 628 huc
628 559 861 655 pertinentes
873 561 1045 634 observa·

46 685 167 754 tiones.
180 679 293 770 Quod
305 681 336 750 si
354 678 493 748 horum
505 676 768 748 discriminum
786 703 933 750 causam
947 705 1048 778 quae·

45 825 110 885 ras,
119 797 366 896 multiplicem
381 819 459 866 esse
467 794 633 892 potuisse
646 793 782 882 dicam,
793 820 858 868 seu
867 798 1045 870 morden-

46 933 92 988 tes
100 917 268 1013 uiperas,
286 937 351 986 seu
361 937 486 984 morsa
496 913 671 986 animalia
682 929 840 1010 spectes,
853 915 929 987 sive
943 933 1027 988 utra
1038 956 1059 1026 '.

47 1060 119 1130 que.
138 1033 319 1128 Utrisque
345 1031 563 1102 communia
591 1045 679 1102 sunt
697 1046 801 1120 aetas,
826 1035 1046 1108 constitutio

48 1153 228 1249 corporis,
243 1152 361 1236 vires,
385 1150 476 1220 anni
493 1163 659 1246 tempus,
684 1150 805 1222 victus
826 1167 863 1223 et
881 1154 1004 1250 regio,
1022 1180 1044 1226 a

47 1294 200 1366 quorum
220 1269 399 1340 varietate
424 1269 550 1338 varius
577 1291 658 1338 esse
683 1282 808 1364 potest
831 1268 955 1357 illatae,
980 1287 1046 1344 aut

48 1402 195 1488 acceptu
215 1387 379 1458 laesionis
408 1384 556 1484 gradus.
584 1386 663 1472 Sic,
683 1400 726 1456 ut
745 1384 791 1457 de
822 1389 1043 1486 regionibus

50 1503 178 1596 dicam,
196 1506 304 1609 vides
319 1529 412 1602 quas
429 1503 695 1599 Severiuus(2)
708 1505 884 1602 excipiat,
895 1523 938 1579 ut
957 1535 1046 1607 qua-

12 1609 13 1614 *
48 1649 121 1694 rum
139 1626 277 1722 viperae
297 1625 453 1694 innoxio
481 1625 555 1696 siut
577 1624 676 1706 ictu,
703 1649 920 1720 quanquam
940 1627 1045 1724 quod
1142 1700 1146 1710 ,

50 1742 259 1840 deAnglicis
280 1743 352 1839 ipsi
370 1741 416 1812 ab
429 1727 635 1838 Hougtono
656 1741 810 1836 relatam
836 1740 957 1817 fuerat
973 1745 1061 1844 (3),

51 1883 124 1930 cum
143 1861 187 1932 iis
206 1883 291 1958 quac²
315 1859 393 1947 alii,
411 1875 546 1956 etquae
568 1859 704 1956 passim
735 1859 781 1930 cl.
804 1862 973 1934 Meadius
987 1870 1042 1961 (4)

51 1977 179 2065 scribit,
197 1979 365 2048 minime.
383 1977 591 2062 consentit,
623 1978 829 2075 pracsertim
852 1978 915 2050 ubi
935 1982 1043 2054 Redii

12 2083 13 2150 Ῐ
52 2097 296 2192 experimenta
313 2096 363 2166 ita
374 2095 445 2165 sibi
459 2096 499 2165 in
516 2094 646 2196 Anglia
662 2095 902 2192 respondisse
918 2114 1043 2171 osteu-

12 2201 14 2207 ’
52 2210 112 2298 dit,
128 2229 168 2284 ut
188 2219 366 2310 Verueyo
390 2229 499 2284 antea
520 2213 559 2283 in
579 2213 716 2302 Gallia,
743 2219 816 2284 aut'
832 2213 898 2285 ubi
922 2215 1044 2290 solere

53 2331 171 2427 abique
190 2329 412 2419 confirmat,
432 2328 563 2401 eadem
577 2321 677 2402 'mala
698 2356 719 2402 a
747 2333 883 2429 viperae
912 2341 1043 2408 miarsu

52 2447 147 2517 simili
149 2452 237 2540 fere
254 2447 369 2518 inodo
389 2450 534 2519 oboriri
543 2473 560 2535 ;
574 2451 763 2546 quamviS,
779 2448 817 2520 id
834 2451 939 2547 quod
958 2477 1045 2550 pro-

12 2555 13 2560 ’
52 2566 160 2658 posito
171 2565 262 2638 huic
278 2579 410 2636 nostro
424 2566 588 2665 satisest,
599 2591 669 2662 pro
684 2564 893 2656 climatum,
907 2585 943 2640 et
953 2573 1043 2642 alio·

11 2759 12 2764 ἵ
53 2703 124 2752 rum
142 2657 280 2774 ferme,
306 2707 389 2780 quae
414 2681 595 2770 diximus,
625 2669 853 2772 diversitate,
882 2687 950 2757 illa
977 2704 1047 2760 aut

53 2808 168 2897 augeri
176 2827 310 2901 posse,
323 2817 393 2872 ant
405 2801 566 2900 deprimi
575 2783 870 2876 fateatur.‘P0sse
888 2831 1043 2904 quoque

11 2911 12 2914 '
54 2916 260 2992 alterutrum
271 2917 352 2990 [ieri
363 2945 432 3017 pro
448 2919 548 2990 varia
568 2918 778 2992 mordentis
795 2920 931 3018 viperae
940 2948 1043 3022 mag-

55 3035 238 3128 uitudine,¹
252 3039 328 3126 ira,
355 3037 512 3136 ejusque
530 3037 667 3108 venem
692 3038 921 3129 acrimonia,
941 3039 1047 3117 facile

55 3150 243 3254 intelliges,
258 3157 289 3229 si
303 3181 324 3226 a
337 3156 486 3252 majori,
511 3171 548 3226 et
567 3155 685 3252 magis
701 3155 794 3244 irata
809 3157 893 3253 plus
909 3161 1046 3233 veneni
1091 3197 1098 3216 =

58 3266 90 3338 in
105 3273 238 3346 vulnus
252 3274 405 3361 immiti,
428 3287 465 3344 et
481 3271 555 3342 hoc
567 3268 793 3369 profundius
810 3273 928 3372 infligi
945 3281 1049 3376 cogi-

58 3390 198 3480 taveris;
219 3416 309 3462 nam
327 3390 379 3461 de'
393 3391 599 3462 acrimonia
618 3413 677 3462 res
690 3391 749 3462 vel
766 3393 882 3489 magis
901 3409 956 3466 est
975 3419 1050 3466 ma·

65 3565 1056 3636 W

96 3704 134 3787 (ι)
154 3714 191 3770 Ν.
215 3711 264 3772 26.
375 3775 376 3778 ,

97 3805 134 3886 (a)
153 3813 185 3867 L.
199 3813 248 3870 cit.
263 3831 293 3887 p.
309 3812 387 3883 3,c.
405 3831 431 3868 1.

96 3903 135 3984 (3)
154 3909 219 3968 Vid.
232 3922 261 3968 ct
274 3931 307 3986 p.
325 3931 359 3983 1,
373 3931 399 3970 c.
416 3930 445 3986 7,
458 3913 475 3984 S
489 3911 517 3970 3.

100 4005 140 4084 (l)
160 4012 244 4069 Tent.
263 4031 298 4084 1,
314 4009 364 4069 cit.

129 4261 142 4294 x
247 4293 252 4307 t
