2782 4652
275 385 348 478 406
439 411 485 458 ur
511 407 657 458 stoicos
682 409 725 456 rr
749 378 877 460 causis
899 377 1107 460 nonacrim

273 523 396 620 major
408 521 507 594 illius
521 523 638 608 ossis,
656 546 768 620 quam
786 522 919 618 hume,
946 527 1130 610 curvitas,
1153 545 1268 624 eaque

274 637 666 716 manifestissima.Nec
686 654 863 736 praetcrea
880 639 1037 714 deerant
1054 643 1094 712 in
1110 642 1174 714 illo
1188 666 1267 715 osse

272 758 362 852 uitia
390 757 479 842 alia,
505 770 547 827 ut
566 758 844 855 minorcapitis
868 754 915 828 ad
940 759 1059 830 imum
1087 758 1264 846 latitudo,

277 871 504 960 subsidentia
535 873 638 946 nulla
665 877 764 948 inter
797 876 977 971 majorem
998 875 1278 952 trochanterem

277 1009 315 1068 et
343 991 550 1078 cervicem,
575 1007 613 1064 et
641 991 963 1090 quemadmodum
999 991 1106 1079 hcc,
1138 995 1188 1065 ita
1216 993 1275 1064 iile

278 1134 385 1210 aequo
405 1121 484 1180 erat
509 1099 686 1200 crassior,
709 1124 768 1200 ut,
796 1111 826 1182 si
848 1110 985 1182 mulier
1008 1134 1182 1208 unquam
1204 1131 1281 1209 gra·

278 1226 357 1314 cilis
370 1223 459 1313 fuit,
480 1229 663 1324 potuisset
683 1228 845 1326 cuipiam
863 1227 1075 1325 exploranti
1100 1227 1277 1326 chirurgo

276 1345 346 1416 ista
355 1342 561 1421 crassitudo
576 1344 772 1444 imponere
785 1369 855 1446 pro
870 1343 1070 1424 luxatione.
1087 1349 1176 1418 Erat
1190 1347 1277 1416 item

279 1458 424 1534 osillud
438 1458 622 1542 femorisa
641 1462 787 1537 cervice
801 1461 849 1533 ad
870 1461 1121 1560 longitudinis
1134 1486 1207 1535 suae
1216 1461 1280 1535 sal·

279 1594 354 1668 tem
376 1577 542 1652 medium
557 1578 660 1675 justo
684 1580 864 1669 crassius,
891 1596 929 1652 ct
957 1595 1165 1654 curvaturae
1190 1605 1280 1652 con·

280 1719 411 1781 veram
443 1712 587 1792 partem
623 1696 671 1768 ad
712 1711 914 1776 externum.
940 1696 1036 1770 latus
1062 1721 1279 1772 conversam

283 1812 927 1912 habebat,et,quodconsequitur‚
940 1816 1021 1912 ejus
1031 1815 1281 1913 condylomm

279 1931 468 2035 posterior
493 1930 604 2004 facies
634 1933 824 2004 sinistrum
859 1930 982 2007 femur
1010 1933 1222 2030 spectabat,
1239 1948 1281 2005 ut

281 2073 369 2123 crus
390 2069 563 2149 quoqne,
582 2065 619 2122 et
635 2073 701 2148 pes
718 2075 796 2122 non
818 2065 976 2149 possent
993 2065 1095 2122 recte
1122 2075 1203 2124 esse
1221 2076 1282 2149 po·

215 2229 219 2237 ,
282 2170 362 2258 sita.
388 2170 478 2260 Quae
501 2167 629 2238 omnia
645 2191 741 2258 cum
762 2167 983 2254 attenderis3
1007 2165 1116 2240 facilc
1143 2170 1281 2240 intelli-

282 2309 347 2390 ges
365 2283 445 2356 haec
462 2298 565 2358 artus
583 2281 770 2356 inferioris
789 2285 878 2356 vitia
907 2299 972 2356 aut
997 2309 1019 2356 a
1042 2286 1281 2382 primordiis,

282 2417 347 2474 aut
363 2398 581 2476 abtinfantia
593 2402 790 2488 exstitisse3
802 2404 930 2500 itaque
943 2403 1175 2476 nonmirum
1186 2427 1281 2490 esse,

235 2601 238 2617 β
282 2520 387 2619 quod
398 2519 533 2592 mulier
543 2543 693 2616 semper
706 2518 961 2594 claudicasset.
972 2525 1095 2617 Caput
1104 2521 1283 2618 donique,

282 2640 391 2735 cujus
409 2637 646 2737 potissimum
669 2661 780 2710 causa
802 2637 900 2708 hauc
927 2637 996 2709 tibi
1017 2636 1282 2710 dissectiouem

242 2738 246 2756 ⁴
282 2757 479 2856 descripsi,
491 2754 711 2853 adapertum
725 2769 798 2843 est,
812 2754 1053 2854 detractaque
1069 2779 1195 2828 crassa
1205 2781 1283 2827 me-

269 2873 414 2975 cinge,
432 2896 518 2945 vasa
537 2871 691 2969 quidem
711 2888 948 2970 pertenuem
967 2871 1080 2944 ducta
1096 2873 1281 2970 sanguine

283 2983 445 3066 distenta
470 2990 757 3088 conspeximus,
778 2988 843 3062 sed
861 2989 964 3082 nihil¹
976 2989 1109 3086 hujus,
1128 3006 1195 3062 aut
1211 2989 1284 3064 seri

284 3105 443 3180 effusum
462 3130 620 3204 usquam
642 3121 835 3204 repertum
859 3121 933 3192 est,
961 3105 1085 3178 donec
1116 3107 1280 3196 cerebri,

284 3224 392 3320 cujus
411 3221 616 3296 substantia
631 3237 709 3296 erat
716 3221 841 3311 firma,
855 3223 1047 3295 sinistrum
1064 3222 1283 3322 hemispha-

283 3342 381 3442 rium
395 3339 576 3426 secando,
596 3341 642 3412 ad
661 3339 774 3437 hujus
793 3339 1044 3413 ventriculum
1054 3355 1281 3437 perventum

284 3473 350 3532 est.
367 3462 471 3531 Tunc
490 3459 591 3532 enim
610 3458 764 3556 prodire
783 3458 896 3556 coepit
911 3471 1114 3532 cruentum
1137 3481 1282 3544 serum,

283 3601 356 3650 nec
377 3599 565 3674 paucum,
584 3603 630 3655 cn
651 3601 731 3649 non
760 3599 883 3674 pauco
906 3572 1081 3654 videlicet
1100 3577 1282 3673 sanguine

282 3693 350 3792 qui
373 3693 413 3764 in
436 3717 482 3765 eo
498 3692 708 3766 ventriculo
730 3707 981 3766 concreverat.
1008 3690 1206 3788 Ejusmodi
1226 3716 1281 3764 se-

281 3821 367 3882 rum
380 3811 420 3884 in
433 3812 644 3914 veptrioulo
658 3828 813 3909 quoque
823 3810 996 3899 dextero,
1009 3823 1046 3882 et
1056 3809 1096 3882 in
1107 3810 1281 3894 transitu,

280 3953 395 4032 quem
420 3925 556 4004 vocant
579 3928 624 4001 ad
646 3929 895 4004 ventriculum
921 3941 1117 4026 quartum,
1135 3926 1280 3999 inveni-
