<?xml version="1.0" encoding="UTF-8"?>
<!DOCTYPE html PUBLIC "-//W3C//DTD XHTML 1.0 Transitional//EN"
    "http://www.w3.org/TR/xhtml1/DTD/xhtml1-transitional.dtd">
<html xmlns="http://www.w3.org/1999/xhtml" xml:lang="en" lang="en">
 <head>
  <title>
</title>
<meta http-equiv="Content-Type" content="text/html;charset=utf-8" />
  <meta name='ocr-system' content='tesseract 3.04.00' />
  <meta name='ocr-capabilities' content='ocr_page ocr_carea ocr_par ocr_line ocrx_word'/>
</head>
<body>
  <div class='ocr_page' id='page_1' title='image "./desedibusetcaus02adelgoog_0609.png"; bbox 0 0 2836 4648; ppageno 0'>
   <div class='ocr_carea' id='block_1_1' title="bbox 321 391 1166 466">
    <p class='ocr_par' dir='ltr' id='par_1_1' title="bbox 321 391 1166 466">
     <span class='ocr_line' id='line_1_1' title="bbox 321 391 1166 466; baseline -0.009 0"><span class='ocrx_word' id='word_1_1' title='bbox 321 391 394 466; x_wconf 63' lang='lat'>626</span> <span class='ocrx_word' id='word_1_2' title='bbox 486 411 534 460; x_wconf 81' lang='lat' dir='ltr'>na</span> <span class='ocrx_word' id='word_1_3' title='bbox 559 407 706 458; x_wconf 78' lang='lat' dir='ltr'>sautans</span> <span class='ocrx_word' id='word_1_4' title='bbox 731 407 775 456; x_wconf 78' lang='lat' dir='ltr'>nr</span> <span class='ocrx_word' id='word_1_5' title='bbox 800 407 925 458; x_wconf 76' lang='lat' dir='ltr'>cauus</span> <span class='ocrx_word' id='word_1_6' title='bbox 951 398 1166 459; x_wconf 80' lang='lat' dir='ltr'>aronnoaou</span> 
     </span>
    </p>
   </div>
   <div class='ocr_carea' id='block_1_2' title="bbox 207 521 1411 3672">
    <p class='ocr_par' dir='ltr' id='par_1_2' title="bbox 207 521 1338 1926">
     <span class='ocr_line' id='line_1_2' title="bbox 322 521 1329 622; baseline -0.006 -23"><span class='ocrx_word' id='word_1_7' title='bbox 322 525 481 612; x_wconf 86' lang='lat' dir='ltr'>atrocis,</span> <span class='ocrx_word' id='word_1_8' title='bbox 507 549 551 597; x_wconf 93' lang='lat' dir='ltr'>ac</span> <span class='ocrx_word' id='word_1_9' title='bbox 580 524 782 622; x_wconf 87' lang='lat' dir='ltr'>pertinacis</span> <span class='ocrx_word' id='word_1_10' title='bbox 813 521 1081 614; x_wconf 81' lang='lat' dir='ltr'>hemicrania,</span> <span class='ocrx_word' id='word_1_11' title='bbox 1117 525 1235 596; x_wconf 88' lang='lat' dir='ltr'>binas</span> <span class='ocrx_word' id='word_1_12' title='bbox 1260 523 1329 620; x_wconf 81' lang='lat' dir='ltr'>jam</span> 
     </span>
     <span class='ocr_line' id='line_1_3' title="bbox 323 639 1333 738; baseline -0.004 -24"><span class='ocrx_word' id='word_1_13' title='bbox 323 641 581 718; x_wconf 81' lang='lat' dir='ltr'><strong>hebdomadas</strong></span> <span class='ocrx_word' id='word_1_14' title='bbox 610 653 744 736; x_wconf 82' lang='lat' dir='ltr'>quarta</span> <span class='ocrx_word' id='word_1_15' title='bbox 775 663 925 738; x_wconf 90' lang='lat' dir='ltr'>quaque</span> <span class='ocrx_word' id='word_1_16' title='bbox 955 639 1050 714; x_wconf 89' lang='lat' dir='ltr'>hora</span> <span class='ocrx_word' id='word_1_17' title='bbox 1075 642 1333 726; x_wconf 80' lang='lat' dir='ltr'>exacerbata,</span> 
     </span>
     <span class='ocr_line' id='line_1_4' title="bbox 325 755 1335 856; baseline -0.006 -24"><span class='ocrx_word' id='word_1_18' title='bbox 325 783 396 832; x_wconf 89' lang='lat' dir='ltr'>nec</span> <span class='ocrx_word' id='word_1_19' title='bbox 418 761 491 830; x_wconf 87' lang='lat' dir='ltr'>uisi</span> <span class='ocrx_word' id='word_1_20' title='bbox 509 771 594 856; x_wconf 89' lang='lat' dir='ltr'>post</span> <span class='ocrx_word' id='word_1_21' title='bbox 618 756 731 828; x_wconf 90' lang='lat' dir='ltr'>horas</span> <span class='ocrx_word' id='word_1_22' title='bbox 752 755 845 829; x_wconf 90' lang='lat' dir='ltr'>duas</span> <span class='ocrx_word' id='word_1_23' title='bbox 865 759 1038 830; x_wconf 75' lang='lat' dir='ltr'>remissae.</span> <span class='ocrx_word' id='word_1_24' title='bbox 1064 759 1186 850; x_wconf 90' lang='lat' dir='ltr'>Quod</span> <span class='ocrx_word' id='word_1_25' title='bbox 1207 761 1241 830; x_wconf 89' lang='lat' dir='ltr'>si</span> <span class='ocrx_word' id='word_1_26' title='bbox 1263 758 1335 828; x_wconf 82' lang='lat' dir='ltr'>bac</span> 
     </span>
     <span class='ocr_line' id='line_1_5' title="bbox 323 872 1336 973; baseline -0.005 -24"><span class='ocrx_word' id='word_1_27' title='bbox 323 877 536 949; x_wconf 87' lang='lat' dir='ltr'>observatio</span> <span class='ocrx_word' id='word_1_28' title='bbox 554 890 596 948; x_wconf 92' lang='lat' dir='ltr'>ut</span> <span class='ocrx_word' id='word_1_29' title='bbox 621 897 723 946; x_wconf 87' lang='lat' dir='ltr'>anuo</span> <span class='ocrx_word' id='word_1_30' title='bbox 741 872 833 973; x_wconf 80' lang='lat'>1756</span> <span class='ocrx_word' id='word_1_31' title='bbox 855 887 891 950; x_wconf 90' lang='lat' dir='ltr'>et</span> <span class='ocrx_word' id='word_1_32' title='bbox 914 873 1060 965; x_wconf 89' lang='lat' dir='ltr'>habita,</span> <span class='ocrx_word' id='word_1_33' title='bbox 1082 890 1121 949; x_wconf 90' lang='lat' dir='ltr'>et</span> <span class='ocrx_word' id='word_1_34' title='bbox 1142 875 1250 948; x_wconf 89' lang='lat' dir='ltr'>edita</span> <span class='ocrx_word' id='word_1_35' title='bbox 1268 889 1336 957; x_wconf 86' lang='lat' dir='ltr'>est,</span> 
     </span>
     <span class='ocr_line' id='line_1_6' title="bbox 323 991 1338 1090; baseline -0.003 -24"><span class='ocrx_word' id='word_1_36' title='bbox 323 999 373 1068; x_wconf 88' lang='lat' dir='ltr'>ita</span> <span class='ocrx_word' id='word_1_37' title='bbox 393 1007 479 1065; x_wconf 89' lang='lat' dir='ltr'>ante</span> <span class='ocrx_word' id='word_1_38' title='bbox 503 991 574 1063; x_wconf 89' lang='lat' dir='ltr'>hos</span> <span class='ocrx_word' id='word_1_39' title='bbox 598 1011 716 1064; x_wconf 90' lang='lat' dir='ltr'>anuos</span> <span class='ocrx_word' id='word_1_40' title='bbox 732 993 1008 1090; x_wconf 78' lang='lat' dir='ltr'><strong>quinquaginta</strong></span> <span class='ocrx_word' id='word_1_41' title='bbox 1023 1005 1174 1065; x_wconf 87' lang='lat' dir='ltr'>exstare</span> <span class='ocrx_word' id='word_1_42' title='bbox 1199 993 1338 1090; x_wconf 89' lang='lat' dir='ltr'>potuis-</span> 
     </span>
     <span class='ocr_line' id='line_1_7' title="bbox 325 1101 1336 1206; baseline -0.006 -21"><span class='ocrx_word' id='word_1_43' title='bbox 325 1129 400 1200; x_wconf 83' lang='lat' dir='ltr'>set,</span> <span class='ocrx_word' id='word_1_44' title='bbox 422 1135 508 1184; x_wconf 89' lang='lat' dir='ltr'>cum</span> <span class='ocrx_word' id='word_1_45' title='bbox 533 1101 811 1182; x_wconf 81' lang='lat' dir='ltr'>acerbissimam</span> <span class='ocrx_word' id='word_1_46' title='bbox 832 1109 1103 1182; x_wconf 70' lang='lat' dir='ltr'>hemicranium</span> <span class='ocrx_word' id='word_1_47' title='bbox 1135 1109 1251 1180; x_wconf 87' lang='lat' dir='ltr'>illam</span> <span class='ocrx_word' id='word_1_48' title='bbox 1267 1110 1336 1206; x_wconf 88' lang='lat' dir='ltr'>(r),</span> 
     </span>
     <span class='ocr_line' id='line_1_8' title="bbox 324 1225 1337 1330; baseline -0.006 -28"><span class='ocrx_word' id='word_1_49' title='bbox 324 1229 494 1330; x_wconf 89' lang='lat' dir='ltr'>quotidie</span> <span class='ocrx_word' id='word_1_50' title='bbox 514 1251 625 1298; x_wconf 88' lang='lat' dir='ltr'>mane</span> <span class='ocrx_word' id='word_1_51' title='bbox 641 1225 736 1298; x_wconf 92' lang='lat' dir='ltr'>hora</span> <span class='ocrx_word' id='word_1_52' title='bbox 755 1225 885 1298; x_wconf 88' lang='lat' dir='ltr'>eadem</span> <span class='ocrx_word' id='word_1_53' title='bbox 905 1243 1189 1316; x_wconf 79' lang='lat' dir='ltr'>revertentem,</span> <span class='ocrx_word' id='word_1_54' title='bbox 1209 1227 1337 1308; x_wconf 83' lang='lat' dir='ltr'>variis,</span> 
     </span>
     <span class='ocr_line' id='line_1_9' title="bbox 323 1339 1337 1444; baseline -0.005 -25"><span class='ocrx_word' id='word_1_55' title='bbox 323 1339 361 1419; x_wconf 82' lang='lat' dir='ltr'>et</span> <span class='ocrx_word' id='word_1_56' title='bbox 378 1345 553 1444; x_wconf 85' lang='lat' dir='ltr'>pluribus</span> <span class='ocrx_word' id='word_1_57' title='bbox 572 1345 795 1442; x_wconf 76' lang='lat' dir='ltr'>prascriptis</span> <span class='ocrx_word' id='word_1_58' title='bbox 816 1344 961 1416; x_wconf 81' lang='lat' dir='ltr'>auxiliis</span> <span class='ocrx_word' id='word_1_59' title='bbox 983 1347 1045 1416; x_wconf 80' lang='lat' dir='ltr'>vix</span> <span class='ocrx_word' id='word_1_60' title='bbox 1063 1342 1232 1416; x_wconf 87' lang='lat' dir='ltr'>taudem</span> <span class='ocrx_word' id='word_1_61' title='bbox 1254 1363 1337 1442; x_wconf 89' lang='lat' dir='ltr'>pro-</span> 
     </span>
     <span class='ocr_line' id='line_1_10' title="bbox 323 1460 1336 1562; baseline 0 -28"><span class='ocrx_word' id='word_1_62' title='bbox 323 1464 466 1562; x_wconf 81' lang='lat' dir='ltr'>ssigavi3</span> <span class='ocrx_word' id='word_1_63' title='bbox 483 1461 589 1534; x_wconf 91' lang='lat' dir='ltr'>nullo</span> <span class='ocrx_word' id='word_1_64' title='bbox 605 1475 713 1533; x_wconf 86' lang='lat' dir='ltr'>¹certe</span> <span class='ocrx_word' id='word_1_65' title='bbox 733 1461 936 1554; x_wconf 87' lang='lat' dir='ltr'>libentius,</span> <span class='ocrx_word' id='word_1_66' title='bbox 953 1478 990 1534; x_wconf 88' lang='lat' dir='ltr'>et</span> <span class='ocrx_word' id='word_1_67' title='bbox 1008 1460 1160 1534; x_wconf 85' lang='lat' dir='ltr'>felicius</span> <span class='ocrx_word' id='word_1_68' title='bbox 1183 1488 1336 1560; x_wconf 92' lang='lat' dir='ltr'>quoque</span> 
     </span>
     <span class='ocr_line' id='line_1_11' title="bbox 322 1579 1335 1678; baseline -0.002 -26"><span class='ocrx_word' id='word_1_69' title='bbox 322 1581 506 1670; x_wconf 82' lang='lat' dir='ltr'>fortassis,</span> <span class='ocrx_word' id='word_1_70' title='bbox 534 1601 649 1677; x_wconf 89' lang='lat' dir='ltr'>quam</span> <span class='ocrx_word' id='word_1_71' title='bbox 681 1579 778 1668; x_wconf 91' lang='lat' dir='ltr'>hoc,</span> <span class='ocrx_word' id='word_1_72' title='bbox 807 1603 897 1651; x_wconf 90' lang='lat' dir='ltr'>usus</span> <span class='ocrx_word' id='word_1_73' title='bbox 922 1603 1056 1668; x_wconf 86' lang='lat' dir='ltr'>essem,</span> <span class='ocrx_word' id='word_1_74' title='bbox 1084 1583 1335 1678; x_wconf 83' lang='lat' dir='ltr'>quantumvis</span> 
     </span>
     <span class='ocr_line' id='line_1_12' title="bbox 207 1683 1084 1796; baseline -0.007 -24"><span class='ocrx_word' id='word_1_75' title='bbox 207 1683 210 1690; x_wconf 39' lang='lat'><strong>⁴</strong></span> <span class='ocrx_word' id='word_1_76' title='bbox 322 1701 508 1772; x_wconf 88' lang='lat' dir='ltr'>rationem</span> <span class='ocrx_word' id='word_1_77' title='bbox 524 1703 601 1796; x_wconf 81' lang='lat' dir='ltr'>qua&#39;</span> <span class='ocrx_word' id='word_1_78' title='bbox 616 1696 824 1795; x_wconf 84' lang='lat' dir='ltr'>opituletur</span> <span class='ocrx_word' id='word_1_79' title='bbox 843 1699 1084 1796; x_wconf 82' lang='lat' dir='ltr'>ignorassem.</span> 
     </span>
     <span class='ocr_line' id='line_1_13' title="bbox 256 1811 1333 1926; baseline -0.003 -36"><span class='ocrx_word' id='word_1_80' title='bbox 256 1907 262 1926; x_wconf 37' lang='grc' dir='ltr'><em>Ι</em></span> <span class='ocrx_word' id='word_1_81' title='bbox 373 1817 406 1890; x_wconf 89' lang='lat'>3.</span> <span class='ocrx_word' id='word_1_82' title='bbox 419 1820 540 1914; x_wconf 84' lang='lat' dir='ltr'>Atque</span> <span class='ocrx_word' id='word_1_83' title='bbox 553 1815 697 1886; x_wconf 87' lang='lat' dir='ltr'>utinam</span> <span class='ocrx_word' id='word_1_84' title='bbox 709 1811 831 1886; x_wconf 85' lang='lat' dir='ltr'>febres</span> <span class='ocrx_word' id='word_1_85' title='bbox 849 1816 1037 1914; x_wconf 74' lang='lat' dir='ltr'>malignae,</span> <span class='ocrx_word' id='word_1_86' title='bbox 1051 1831 1088 1887; x_wconf 91' lang='lat' dir='ltr'>et</span> <span class='ocrx_word' id='word_1_87' title='bbox 1098 1815 1333 1915; x_wconf 78' lang='lat' dir='ltr'>epidemica,</span> 
     </span>
    </p>

    <p class='ocr_par' dir='ltr' id='par_1_3' title="bbox 297 1931 1411 3672">
     <span class='ocr_line' id='line_1_14' title="bbox 323 1931 1333 2032; baseline -0.005 -23"><span class='ocrx_word' id='word_1_88' title='bbox 323 1935 370 2009; x_wconf 88' lang='lat' dir='ltr'>de</span> <span class='ocrx_word' id='word_1_89' title='bbox 390 1933 527 2032; x_wconf 92' lang='lat' dir='ltr'>quibus</span> <span class='ocrx_word' id='word_1_90' title='bbox 539 1931 664 2004; x_wconf 87' lang='lat' dir='ltr'>dicere</span> <span class='ocrx_word' id='word_1_91' title='bbox 685 1956 938 2030; x_wconf 86' lang='lat' dir='ltr'>coeperamus,</span> <span class='ocrx_word' id='word_1_92' title='bbox 962 1947 1086 2006; x_wconf 83' lang='lat' dir='ltr'>essent</span> <span class='ocrx_word' id='word_1_93' title='bbox 1112 1959 1257 2006; x_wconf 89' lang='lat' dir='ltr'>omnes</span> <span class='ocrx_word' id='word_1_94' title='bbox 1274 1959 1333 2032; x_wconf 92' lang='lat' dir='ltr'>pe-</span> 
     </span>
     <span class='ocr_line' id='line_1_15' title="bbox 322 2046 1411 2142; baseline -0.006 -17"><span class='ocrx_word' id='word_1_95' title='bbox 322 2051 494 2138; x_wconf 81' lang='lat' dir='ltr'>riodicae,</span> <span class='ocrx_word' id='word_1_96' title='bbox 510 2065 553 2121; x_wconf 90' lang='lat' dir='ltr'>ut</span> <span class='ocrx_word' id='word_1_97' title='bbox 568 2047 643 2121; x_wconf 85' lang='lat' dir='ltr'>fere</span> <span class='ocrx_word' id='word_1_98' title='bbox 662 2067 794 2122; x_wconf 87' lang='lat' dir='ltr'>omnes</span> <span class='ocrx_word' id='word_1_99' title='bbox 809 2046 896 2122; x_wconf 87' lang='lat' dir='ltr'>curri</span> <span class='ocrx_word' id='word_1_100' title='bbox 911 2055 1032 2140; x_wconf 85' lang='lat' dir='ltr'>varia,</span> <span class='ocrx_word' id='word_1_101' title='bbox 1050 2065 1087 2123; x_wconf 91' lang='lat' dir='ltr'>et</span> <span class='ocrx_word' id='word_1_102' title='bbox 1115 2051 1285 2123; x_wconf 87' lang='lat' dir='ltr'>obscura</span> <span class='ocrx_word' id='word_1_103' title='bbox 1303 2051 1332 2120; x_wconf 82' lang='lat' dir='ltr'>vi</span> <span class='ocrx_word' id='word_1_104' title='bbox 1410 2137 1411 2142; x_wconf 6' lang='grc' dir='ltr'><strong>Ἰ</strong></span> 
     </span>
     <span class='ocr_line' id='line_1_16' title="bbox 322 2167 1332 2268; baseline -0.006 -24"><span class='ocrx_word' id='word_1_105' title='bbox 322 2169 564 2268; x_wconf 85' lang='lat' dir='ltr'>&#39;malignitatis</span> <span class='ocrx_word' id='word_1_106' title='bbox 588 2168 795 2264; x_wconf 74' lang='lat' dir='ltr'>conjuncta</span> <span class='ocrx_word' id='word_1_107' title='bbox 815 2183 926 2257; x_wconf 83' lang='lat' dir='ltr'>suut3</span> <span class='ocrx_word' id='word_1_108' title='bbox 958 2167 1194 2242; x_wconf 83' lang='lat' dir='ltr'>haberemus</span> <span class='ocrx_word' id='word_1_109' title='bbox 1214 2173 1255 2239; x_wconf 89' lang='lat' dir='ltr'>in</span> <span class='ocrx_word' id='word_1_110' title='bbox 1272 2167 1332 2238; x_wconf 94' lang='lat' dir='ltr'>illo</span> 
     </span>
     <span class='ocr_line' id='line_1_17' title="bbox 322 2285 1330 2384; baseline -0.007 -22"><span class='ocrx_word' id='word_1_111' title='bbox 322 2290 461 2362; x_wconf 88' lang='lat' dir='ltr'>cortice</span> <span class='ocrx_word' id='word_1_112' title='bbox 477 2285 924 2384; x_wconf 87' lang='lat' dir='ltr'>medicamentum,quod</span> <span class='ocrx_word' id='word_1_113' title='bbox 940 2287 1008 2358; x_wconf 88' lang='lat' dir='ltr'>etsi</span> <span class='ocrx_word' id='word_1_114' title='bbox 1021 2287 1226 2384; x_wconf 86' lang='lat' dir='ltr'>quomodo</span> <span class='ocrx_word' id='word_1_115' title='bbox 1238 2301 1330 2384; x_wconf 85' lang='lat' dir='ltr'>agat,</span> 
     </span>
     <span class='ocr_line' id='line_1_18' title="bbox 321 2405 1327 2503; baseline -0.006 -23"><span class='ocrx_word' id='word_1_116' title='bbox 321 2407 572 2488; x_wconf 83' lang='lat' dir='ltr'>nesciremus,</span> <span class='ocrx_word' id='word_1_117' title='bbox 590 2428 669 2475; x_wconf 90' lang='lat' dir='ltr'>nou</span> <span class='ocrx_word' id='word_1_118' title='bbox 684 2405 763 2475; x_wconf 85' lang='lat' dir='ltr'>sine</span> <span class='ocrx_word' id='word_1_119' title='bbox 783 2424 847 2502; x_wconf 88' lang='lat' dir='ltr'>spe</span> <span class='ocrx_word' id='word_1_120' title='bbox 861 2419 986 2476; x_wconf 90' lang='lat' dir='ltr'>tamen</span> <span class='ocrx_word' id='word_1_121' title='bbox 1002 2421 1204 2502; x_wconf 84' lang='lat' dir='ltr'>possemus</span> <span class='ocrx_word' id='word_1_122' title='bbox 1223 2430 1327 2503; x_wconf 83' lang='lat' dir='ltr'>expe·</span> 
     </span>
     <span class='ocr_line' id='line_1_19' title="bbox 319 2517 1324 2620; baseline -0.005 -23"><span class='ocrx_word' id='word_1_123' title='bbox 319 2527 397 2598; x_wconf 91' lang='lat' dir='ltr'>riri.</span> <span class='ocrx_word' id='word_1_124' title='bbox 421 2529 469 2620; x_wconf 84' lang='lat' dir='ltr'>At</span> <span class='ocrx_word' id='word_1_125' title='bbox 487 2521 660 2619; x_wconf 83' lang='lat' dir='ltr'>synochae</span> <span class='ocrx_word' id='word_1_126' title='bbox 673 2517 845 2620; x_wconf 78' lang='lat' dir='ltr'>persaepe</span> <span class='ocrx_word' id='word_1_127' title='bbox 857 2535 962 2609; x_wconf 87' lang='lat' dir='ltr'>sunt,</span> <span class='ocrx_word' id='word_1_128' title='bbox 975 2541 1012 2594; x_wconf 86' lang='lat' dir='ltr'>et</span> <span class='ocrx_word' id='word_1_129' title='bbox 1026 2541 1125 2620; x_wconf 80' lang='lat' dir='ltr'>quae,</span> <span class='ocrx_word' id='word_1_130' title='bbox 1144 2525 1178 2593; x_wconf 90' lang='lat' dir='ltr'>si</span> <span class='ocrx_word' id='word_1_131' title='bbox 1192 2547 1324 2593; x_wconf 88' lang='lat' dir='ltr'>eorum</span> 
     </span>
     <span class='ocr_line' id='line_1_20' title="bbox 314 2639 1325 2742; baseline -0.004 -29"><span class='ocrx_word' id='word_1_132' title='bbox 314 2651 418 2742; x_wconf 72' lang='lat' dir='ltr'>¹¹quos</span> <span class='ocrx_word' id='word_1_133' title='bbox 436 2640 690 2728; x_wconf 85' lang='lat' dir='ltr'>sustulerunt,</span> <span class='ocrx_word' id='word_1_134' title='bbox 721 2661 883 2737; x_wconf 86' lang='lat' dir='ltr'>corpora</span> <span class='ocrx_word' id='word_1_135' title='bbox 912 2639 1095 2725; x_wconf 87' lang='lat' dir='ltr'>disseces,</span> <span class='ocrx_word' id='word_1_136' title='bbox 1124 2655 1192 2711; x_wconf 90' lang='lat' dir='ltr'>aut</span> <span class='ocrx_word' id='word_1_137' title='bbox 1213 2639 1325 2724; x_wconf 89' lang='lat' dir='ltr'>nihil,</span> 
     </span>
     <span class='ocr_line' id='line_1_21' title="bbox 321 2739 1326 2858; baseline -0.004 -26"><span class='ocrx_word' id='word_1_138' title='bbox 321 2776 364 2832; x_wconf 89' lang='lat' dir='ltr'>ut</span> <span class='ocrx_word' id='word_1_139' title='bbox 378 2759 486 2830; x_wconf 89' lang='lat' dir='ltr'>initio</span> <span class='ocrx_word' id='word_1_140' title='bbox 503 2755 603 2846; x_wconf 82' lang='lat' dir='ltr'>dixi,</span> <span class='ocrx_word' id='word_1_141' title='bbox 622 2739 827 2831; x_wconf 80' lang='lat' dir='ltr'>ostendunt</span> <span class='ocrx_word' id='word_1_142' title='bbox 855 2757 960 2856; x_wconf 90' lang='lat' dir='ltr'>quod</span> <span class='ocrx_word' id='word_1_143' title='bbox 986 2758 1221 2856; x_wconf 85' lang='lat' dir='ltr'>peculiarem</span> <span class='ocrx_word' id='word_1_144' title='bbox 1244 2783 1326 2858; x_wconf 75' lang='lat' dir='ltr'>prae</span> 
     </span>
     <span class='ocr_line' id='line_1_22' title="bbox 321 2873 1326 2975; baseline -0.005 -25"><span class='ocrx_word' id='word_1_145' title='bbox 321 2880 424 2975; x_wconf 87' lang='lat' dir='ltr'>eipui</span> <span class='ocrx_word' id='word_1_146' title='bbox 443 2875 568 2946; x_wconf 84' lang='lat' dir='ltr'>morbi</span> <span class='ocrx_word' id='word_1_147' title='bbox 587 2873 730 2962; x_wconf 86' lang='lat' dir='ltr'>sedem,</span> <span class='ocrx_word' id='word_1_148' title='bbox 750 2890 998 2973; x_wconf 81' lang='lat' dir='ltr'>naturamque</span> <span class='ocrx_word' id='word_1_149' title='bbox 1016 2873 1240 2974; x_wconf 81' lang='lat' dir='ltr'>patefaciat,</span> <span class='ocrx_word' id='word_1_150' title='bbox 1269 2893 1326 2948; x_wconf 87' lang='lat' dir='ltr'>aut</span> 
     </span>
     <span class='ocr_line' id='line_1_23' title="bbox 297 2989 1324 3092; baseline 0 -26"><span class='ocrx_word' id='word_1_151' title='bbox 297 3073 300 3078; x_wconf 58' lang='grc'><em>,</em></span> <span class='ocrx_word' id='word_1_152' title='bbox 320 2998 505 3066; x_wconf 86' lang='lat' dir='ltr'>viscerum</span> <span class='ocrx_word' id='word_1_153' title='bbox 525 3015 654 3092; x_wconf 84' lang='lat' dir='ltr'>graves</span> <span class='ocrx_word' id='word_1_154' title='bbox 670 2991 842 3088; x_wconf 89' lang='lat' dir='ltr'>quidem,</span> <span class='ocrx_word' id='word_1_155' title='bbox 863 3005 899 3067; x_wconf 88' lang='lat' dir='ltr'>et</span> <span class='ocrx_word' id='word_1_156' title='bbox 919 2989 1133 3070; x_wconf 77' lang='lat' dir='ltr'>manifestas</span> <span class='ocrx_word' id='word_1_157' title='bbox 1154 2993 1324 3067; x_wconf 69' lang='lat' dir='ltr'>laesiones</span> 
     </span>
     <span class='ocr_line' id='line_1_24' title="bbox 321 3099 1407 3248; baseline -0.002 -64"><span class='ocrx_word' id='word_1_158' title='bbox 321 3099 547 3223; x_wconf 86' lang='lat' dir='ltr'>ostendunt,</span> <span class='ocrx_word' id='word_1_159' title='bbox 577 3109 641 3182; x_wconf 91' lang='lat' dir='ltr'>sed</span> <span class='ocrx_word' id='word_1_160' title='bbox 671 3127 765 3207; x_wconf 90' lang='lat' dir='ltr'>quas</span> <span class='ocrx_word' id='word_1_161' title='bbox 792 3113 934 3183; x_wconf 90' lang='lat' dir='ltr'>sicum</span> <span class='ocrx_word' id='word_1_162' title='bbox 965 3111 1010 3184; x_wconf 90' lang='lat' dir='ltr'>iis</span> <span class='ocrx_word' id='word_1_163' title='bbox 1039 3107 1216 3184; x_wconf 78' lang='lat' dir='ltr'>conferas</span> <span class='ocrx_word' id='word_1_164' title='bbox 1248 3135 1324 3210; x_wconf 76' lang='lat' dir='ltr'>qua,</span> <span class='ocrx_word' id='word_1_165' title='bbox 1406 3161 1407 3248; x_wconf 33' lang='grc'>1</span> 
     </span>
     <span class='ocr_line' id='line_1_25' title="bbox 321 3225 1406 3330; baseline -0.002 -26"><span class='ocrx_word' id='word_1_166' title='bbox 321 3229 463 3304; x_wconf 86' lang='lat' dir='ltr'>suntin</span> <span class='ocrx_word' id='word_1_167' title='bbox 481 3227 748 3325; x_wconf 76' lang='lat' dir='ltr'>aegrotantibus</span> <span class='ocrx_word' id='word_1_168' title='bbox 767 3227 984 3318; x_wconf 82' lang='lat' dir='ltr'>observata,</span> <span class='ocrx_word' id='word_1_169' title='bbox 1003 3225 1111 3300; x_wconf 80' lang='lat' dir='ltr'>facile</span> <span class='ocrx_word' id='word_1_170' title='bbox 1137 3232 1325 3330; x_wconf 87' lang='lat' dir='ltr'>intelligas</span> <span class='ocrx_word' id='word_1_171' title='bbox 1405 3321 1406 3324; x_wconf 8' lang='grc' dir='ltr'><strong>Ἴ</strong></span> 
     </span>
     <span class='ocr_line' id='line_1_26' title="bbox 321 3337 1320 3446; baseline 0.003 -28"><span class='ocrx_word' id='word_1_172' title='bbox 321 3347 368 3426; x_wconf 88' lang='lat' dir='ltr'>ab</span> <span class='ocrx_word' id='word_1_173' title='bbox 385 3339 522 3417; x_wconf 84' lang='lat' dir='ltr'>latente</span> <span class='ocrx_word' id='word_1_174' title='bbox 533 3345 605 3416; x_wconf 87' lang='lat' dir='ltr'>alio</span> <span class='ocrx_word' id='word_1_175' title='bbox 620 3347 809 3444; x_wconf 80' lang='lat' dir='ltr'>pracipuo</span> <span class='ocrx_word' id='word_1_176' title='bbox 827 3341 962 3418; x_wconf 85' lang='lat' dir='ltr'>morbo</span> <span class='ocrx_word' id='word_1_177' title='bbox 981 3345 1095 3420; x_wconf 85' lang='lat' dir='ltr'>fuisse</span> <span class='ocrx_word' id='word_1_178' title='bbox 1107 3337 1320 3446; x_wconf 85' lang='lat' dir='ltr'>productas.</span> 
     </span>
     <span class='ocr_line' id='line_1_27' title="bbox 321 3457 1323 3563; baseline 0 -25"><span class='ocrx_word' id='word_1_179' title='bbox 321 3465 468 3538; x_wconf 83' lang='lat' dir='ltr'>Scilicet</span> <span class='ocrx_word' id='word_1_180' title='bbox 481 3457 616 3551; x_wconf 79' lang='lat' dir='ltr'>febris,</span> <span class='ocrx_word' id='word_1_181' title='bbox 642 3463 803 3562; x_wconf 85' lang='lat' dir='ltr'>exempli</span> <span class='ocrx_word' id='word_1_182' title='bbox 819 3468 950 3563; x_wconf 86' lang='lat' dir='ltr'>gratia,</span> <span class='ocrx_word' id='word_1_183' title='bbox 969 3468 1159 3538; x_wconf 90' lang='lat' dir='ltr'>viscerum</span> <span class='ocrx_word' id='word_1_184' title='bbox 1184 3466 1323 3538; x_wconf 78' lang='lat' dir='ltr'>inflam-</span> 
     </span>
     <span class='ocr_line' id='line_1_28' title="bbox 321 3571 1323 3672; baseline 0.004 -19"><span class='ocrx_word' id='word_1_185' title='bbox 321 3583 478 3656; x_wconf 86' lang='lat' dir='ltr'>matoria</span> <span class='ocrx_word' id='word_1_186' title='bbox 490 3637 509 3672; x_wconf 46' lang='lat'>,1</span> <span class='ocrx_word' id='word_1_187' title='bbox 520 3579 681 3653; x_wconf 86' lang='lat' dir='ltr'>videnda</span> <span class='ocrx_word' id='word_1_188' title='bbox 694 3571 853 3656; x_wconf 87' lang='lat' dir='ltr'>exhibet</span> <span class='ocrx_word' id='word_1_189' title='bbox 865 3585 905 3654; x_wconf 89' lang='lat' dir='ltr'>iu</span> <span class='ocrx_word' id='word_1_190' title='bbox 926 3583 1175 3660; x_wconf 84' lang='lat' dir='ltr'>cadaveribus</span> <span class='ocrx_word' id='word_1_191' title='bbox 1187 3588 1323 3661; x_wconf 80' lang='lat' dir='ltr'>viscera</span> 
     </span>
    </p>
   </div>
   <div class='ocr_carea' id='block_1_3' title="bbox 361 3913 675 4002">
    <p class='ocr_par' dir='ltr' id='par_1_4' title="bbox 361 3913 675 4002">
     <span class='ocr_line' id='line_1_29' title="bbox 361 3913 675 4002; baseline 0.013 -24"><span class='ocrx_word' id='word_1_192' title='bbox 361 3921 405 3998; x_wconf 64' lang='grc' dir='ltr'>(ι)</span> <span class='ocrx_word' id='word_1_193' title='bbox 424 3913 519 4002; x_wconf 57' lang='lat' dir='ltr'>Epist.</span> <span class='ocrx_word' id='word_1_194' title='bbox 535 3942 548 3982; x_wconf 84' lang='lat'>1</span> <span class='ocrx_word' id='word_1_195' title='bbox 562 3966 571 3994; x_wconf 91' lang='lat'>,</span> <span class='ocrx_word' id='word_1_196' title='bbox 584 3945 615 3980; x_wconf 91' lang='lat' dir='ltr'>n.</span> <span class='ocrx_word' id='word_1_197' title='bbox 630 3945 675 3982; x_wconf 86' lang='lat'>11.</span> 
     </span>
    </p>
   </div>
   <div class='ocr_carea' id='block_1_4' title="bbox 0 0 1422 4648">
    <p class='ocr_par' dir='ltr' id='par_1_5' title="bbox 0 0 1422 4648">
     <span class='ocr_line' id='line_1_30' title="bbox 0 0 1422 4648; baseline 0 1"><span class='ocrx_word' id='word_1_198' title='bbox 0 0 1422 4648; x_wconf 95' lang='lat' dir='ltr'> </span> 
     </span>
    </p>
   </div>
  </div>
 </body>
</html>
