2746 4662
87 469 155 518 am.
166 471 221 518 rv:
237 471 284 520 nr
297 449 643 536 noarrs‘onmrae,
658 461 727 520 etc.
741 467 853 520 arrsr.
873 459 945 526 avr.
997 448 1045 546 93

38 602 140 674 rem,
155 608 202 656 ex
219 586 441 657 nosocomio
457 584 615 656 cadaver
631 585 722 656 illuc
741 586 962 658 translatum
978 602 1044 660 est.¹

49 699 114 770 Ubi
132 701 239 797 quod
257 701 304 774 ad
324 703 545 773 exteriorem
564 702 665 772 illam
682 704 944 775 contusionem
965 705 1048 774 atti·

50 818 172 906 nebat,
186 819 284 890 nihil
301 817 490 918 peculiare
508 817 692 890 adnotavi.
722 819 908 893 Adnotavi
920 836 1045 892 autem

50 933 127 1023 alia,
160 935 202 1004 in
234 934 367 1032 primis
400 957 481 1032 quae
511 934 567 1004 ad·
582 935 864 1007 claudicationis
897 949 1046 1008 causam·

51 1051 271 1148 spectabant.
300 1057 425 1148 anue
446 1067 532 1150 post
548 1053 733 1124 nonnulla
757 1053 985 1156 ingthorace,
1011 1067 1049 1125 et

50 1183 168 1240 ventre
199 1168 483 1258 animadversa,
521 1169 583 1240 hic
613 1169 701 1258 tibi,
725 1169 1064 1267 quemadmodum·

49 1283 209 1380 plurimis
224 1287 293 1382 qui
311 1301 390 1356 tum
410 1283 587 1376 aderant,
603 1289 828 1372 monstravi,
843 1286 1045 1386 diligenter

52 1399 264 1475 describam.
297 1401 428 1474 Cordis
446 1402 613 1474 auricula
630 1401 797 1490 dextera,
824 1419 861 1476 et
882 1429 970 1477 cava
987 1406 1044 1474 in-

51 1515 266 1592 feriorvena
295 1521 584 1608 concretiones,
607 1545 687 1590 non
712 1521 792 1592 sine
817 1520 935 1593 multa
960 1521 1045 1594 alba

52 1635 268 1726 substantia,
287 1638 489 1734 polyposas
513 1635 679 1710 habuere
697 1664 705 1706 ε
732 1638 861 1734 quales
884 1655 1044 1737 uterque

52 1755 148 1826 etiam
161 1755 416 1845 ventrio-ulus,
434 1733 627 1828 'sedmulto
640 1757 858 1828 crassiorem
878 1758 1043 1858 sinister:

52 1887 203 1944 eraortae
222 1896 318 1944 arcu
331 1863 511 1962 nontres,
530 1873 594 1944 sed
612 1887 774 1970 quatuor
790 1873 1043 1946 nascebantur

54 1991 200 2079 arteriae;
229 1991 453 2063 vertebralis
486 1991 586 2060 enim
614 1991 762 2063 sinistra
784 2011 863 2062 non
889 2017 934 2062 ex
956 1991 1044 2064 sub-

55 2105 173 2196 clavia,
186 2107 259 2180 sed
274 2110 374 2178 inter
389 2109 529 2205 ipsam,
549 2122 586 2178 et
603 2107 808 2180 carotidem
822 2111 901 2206 ejus
917 2109 1042 2182 lateris

55 2224 245 2298 oriebatur.
278 2231 323 2296 In
337 2241 468 2298 ventre
488 2226 678 2324 genitalia,
706 2241 744 2299 et
760 2243 942 2315 renes,et
958 2253 1047 2300 vasa
1117 2243 1145 2286 N
1206 2223 1208 2228 ’
1314 2226 1326 2238 ’

56 2342 254 2440 sanguilera
267 2342 345 2414 haec
365 2367 448 2440 quae
464 2342 704 2433 adnotarem,
724 2343 906 2416 obtulere.
927 2348 1043 2418 Testis

56 2457 191 2534 alterius
201 2459 424 2558 superficies
442 2461 602 2531 maxime
619 2476 698 2532 erat
712 2462 914 2558 inaequalis.
938 2463 1044 2536 Uteri

56 2578 213 2648 osculum
248 2578 352 2648 nulla
378 2579 543 2649 cinctum
580 2603 744 2665 corona3
763 2595 805 2650 ut
826 2579 921 2650 nihil
946 2582 1046 2652 intra

57 2695 211 2789 vaginam
225 2694 501 2796 protuberaret.
510 2699 632 2801 Renes
644 2711 769 2767 autem
781 2721 851 2794 pro
862 2697 1044 2770 mediocri

58 2811 206 2886 mulieris
233 2827 375 2886 statura
398 2812 511 2884 ambo
530 2838 638 2910 aequo
657 2813 871 2910 longiores:
896 2815 1045 2888 sinister

59 2925 99 2996 at
118 2946 327 3004 extremum
357 2929 513 3003 inferius
541 2929 633 3002 facie
653 2933 835 3004 exteriore
869 2935 1045 3006 nonnihil

5 3121 7 3138 ,
60 3029 238 3122 excavatus
258 3075 278 3120 a
298 3049 491 3138 cicatrice,
518 3050 626 3145 cujus
650 3049 813 3122 ambitus
840 3051 886 3122 ad
913 3053 1045 3124 circuli

60 3155 200 3236 sormam
224 3165 443 3255 accedebat,
469 3165 654 3238 diameter
676 3182 929 3240 transversum
950 3171 1045 3268 digi-

60 3287 125 3348 tum
140 3283 309 3380 aequabat
319 3339 328 3374 ,
338 3284 529 3381 vestigio,
547 3299 589 3354 ut
602 3284 765 3372 credidi,
793 3285 980 3382 hydatidis
1003 3315 1044 3360 1n

61 3414 135 3468 rene
159 3402 251 3472 olim
279 3415 455 3499 exparte
483 3399 664 3489 conditae,
695 3403 840 3499 reliqua
858 3408 1043 3479 exstantis.
1143 3475 1145 3480 ,

62 3511 187 3611 Magnae
200 3519 343 3590 arteriae
359 3533 517 3590 truncus
538 3543 646 3616 aequo
667 3521 843 3610 tenuior,
870 3547 948 3594 non
965 3525 1046 3621 ipse

64 3636 306 3724 spermaticam
324 3635 517 3707 emittebat
534 3635 745 3724 dexteram,
769 3663 851 3734 quae
865 3638 1047 3711 abemub

65 3765 157 3841 gente
188 3752 455 3852 proveniebat:
494 3777 620 3850 neque
653 3754 786 3826 eodem
822 3781 898 3852 quo
935 3759 1047 3845 solet,

65 3866 164 3938 modo
192 3871 402 3960 lumbares,
428 3895 551 3967 neque
583 3871 727 3942 iliacam
755 3872 940 3944 sinistram
968 3875 1051 3970 pari

66 4001 101 4052 ac
117 3983 300 4078 dexteram
322 3987 577 4089 longitudine,
601 3989 675 4062 sed*
695 3989 804 4060 tertia
833 4005 939 4088 parte
966 3990 1050 4064 bre·
