2746 4662
133 448 208 510 nm.¹
219 445 267 497 ιν.
284 447 335 493 ns
347 444 483 494 atomus
496 442 693 510 cernuam,
707 435 903 504 eteurrsa.
919 450 990 498 nvr.
1023 431 1085 504 131

83 561 183 634 inter
191 585 232 634 se
246 560 438 658 glutinatis
451 561 711 658 supervenerit
722 613 732 648 ,
742 559 879 632 callum
889 579 1095 640 extenuan-

85 679 176 751 dum
196 703 240 750 ea
258 677 357 748 artui
368 679 531 749 exterius
541 675 718 752 adhibeat
734 702 834 775 qnae,
851 682 885 752 si
904 707 1010 756 ossea
1027 685 1097 760 du-

85 798 167 868 ritie
184 811 283 868 esset
295 794 436 882 callus,
454 794 629 892 opitulari
642 793 737 866 nihil
754 815 929 893 possent,
939 815 982 872 ut
991 801 1094 876 lenes

85 939 127 986 ex
137 913 242 1000 oleo
263 913 337 984 sale
348 927 386 982 et
402 913 503 983 nitro
512 911 742 1010 longasque
754 911 965 1006 ferettones
976 921 1095 994 multa

85 1056 127 1102 ex
141 1031 263 1102 calida
278 1027 371 1102 salsa
385 1055 483 1127 aqua
501 1026 685 1119 fomenta,
710 1031 895 1131 malagma
912 1037 1018 1132 quod
1039 1038 1096 1110 di-

82 1163 206 1247 gerat,
225 1165 263 1220 et
281 1147 557 1220 adstrictiorem
582 1147 849 1246 alligationem.
878 1156 995 1224 Aut
968 1179 998 1226 si
1017 1155 1096 1229 haec

26 1307 29 1314 >
85 1263 271 1365 profuisse
282 1291 362 1336 non
373 1279 497 1363 putas,
517 1264 726 1338 Hamelium
742 1265 910 1363 (illeges
926 1273 1096 1346 scriben-

85 1400 182 1472 tem,
203 1382 555 1482 aquaestillicidium
571 1405 650 1454 non
666 1383 782 1455 modo
800 1385 847 1456 ad
866 1385 904 1457 id
926 1398 1095 1488 saepenu-

85 1527 186 1576 mero
210 1501 305 1574 utile
324 1498 461 1588 fuisse,
480 1523 614 1572 verum
639 1502 751 1572 etiam
777 1499 844 1572 ubi
865 1505 1006 1577 nimius
1025 1507 1097 1582 fuit

84 1620 197 1717 ipsius
234 1643 341 1702 usuS,
370 1637 650 1714 nonnunquam
679 1619 816 1692 callum
845 1621 940 1694 adeo
973 1625 1095 1698 molli-

86 1739 195 1826 visse,
215 1751 261 1808 ut
277 1733 357 1808 duo
372 1761 455 1834 quae
475 1735 574 1807 inter
587 1760 625 1807 se
653 1735 892 1828 coaluerant,
913 1745 1005 1815 ossis
1031 1771 1112 1836 eu-⁸

86 1870 200 1928 trema
220 1879 293 1954 per
317 1877 356 1926 se
383 1855 522 1926 iterum
546 1853 715 1950 sejuncta
740 1857 824 1926 sint.
858 1858 931 1928 Sed
955 1858 1097 1934 fuerint

88 1971 269 2069 ejusmodi
293 1969 378 2044 calli
400 1986 465 2042 aut
486 1971 630 2044 nonita
648 1995 790 2070 magnae
819 1972 1011 2064 diametri,
1029 1995 1094 2050 aut
1178 2000 1180 2010 ’

89 2091 192 2164 nimis
211 2103 409 2179 recentes,
422 2102 464 2158 ut
480 2087 668 2161 bimestris
687 2083 773 2178 ille,
792 2103 829 2160 et
853 2103 989 2190 parum
1009 2100 1098 2167 emi·

87 2233 176 2284 neus
191 2211 237 2280 in
253 2231 364 2280 crure
378 2207 542 2302 junioris
563 2208 669 2304 agni,
697 2207 763 2304 qui
781 2207 897 2282 callus
915 2236 961 2282 ex
977 2213 1096 2286 inter·

89 2341 192 2424 rupta
212 2327 315 2396 intra
333 2324 447 2423 paulo
465 2324 586 2396 acrius
606 2325 774 2396 lixivium
794 2325 1015 2404 ebullitione
1033 2357 1095 2412 re-

90 2443 287 2540 glutinatus
313 2458 369 2514 est
394 2441 495 2542 apud
515 2442 690 2514 eumdem
712 2445 923 2517 Hamelium
941 2447 1016 2545 (a);
1034 2452 1094 2522 in-

90 2561 176 2658 signi
190 2573 311 2647 certe,
323 2571 360 2630 et
369 2574 583 2632 monstrosa
597 2559 801 2643 eminentia
814 2578 921 2634 erant
935 2566 990 2636 illi
1001 2565 1094 2656 duo,

90 2679 258 2765 minime,
270 2693 318 2748 ut
332 2676 496 2764 videtur,
518 2691 712 2764 recentes,
732 2701 829 2774 quos
849 2701 892 2748 ex
906 2680 1093 2757 Rolfincio

90 2793 373 2893 Sepulchretum
396 2790 450 2890 (3)
478 2794 661 2890 proponit
676 2795 716 2863 in
744 2791 953 2870 femoribus
971 2799 1093 2895 cujus·
1155 2847 1158 2850 ι
1210 2839 1213 2847 ν

92 2909 169 2982 dam
185 2909 394 2998 cadaveris,
408 2935 487 3008 quo
495 2925 589 3008 post
606 2925 810 2982 anatomen
830 2927 934 2984 cocto
948 2914 1004 2986 ad
1013 2941 1091 2988 see·-

95 3024 406 3118 letistructuram,
436 3041 592 3124 uterque
615 3029 665 3099 ab
693 3032 845 3102 invicem
869 3027 1094 3104 abscedebat

94 3143 212 3218 callus.
234 3149 371 3216 Praeter
392 3159 541 3218 caeteras
569 3160 695 3216 autem
714 3145 827 3245 digna
851 3163 907 3220 est
927 3175 1010 3247 quae
1030 3149 1093 3223 laic
1167 3142 1170 3148 ⁸
1207 3167 1209 3171 “

94 3259 577 3350 memoretur,observatio‚
598 3287 620 3333 a
637 3277 803 3360 spectato
813 3263 993 3364 chirurgo
1003 3291 1090 3338 cum

95 3377 306 3450 saumanno
323 3375 376 3474 (4)
395 3381 683 3450 communicata.
699 3379 809 3452 Militi
821 3379 982 3455 fractura
995 3385 1093 3458 tibiae

129 3693 167 3774 (ι)
187 3701 275 3756 Mem.
290 3719 324 3772 a,
342 3699 393 3756 eit.

130 3792 171 3874 (a)
188 3799 307 3876 Ibid.
443 3855 446 3862 ,

129 3894 181 3972 (3)
189 3900 264 3956 Seet.
280 3849 390 3970 hlae5,
407 3899 473 3958 obs.
495 3903 557 3970 ι,5
542 3899 600 3969 58.

132 3991 311 4070 lllDissert.
325 3997 456 4058 deame
469 4001 767 4076 anatog„etc‚ee
774 4004 856 4074 ,57.
