2858 4658
238 491 308 552 art.¹
321 491 369 538 tv.
390 491 437 537 ua
450 488 586 539 nourrs
599 488 793 552 cerauno„
805 479 876 538 etc.
890 489 1002 538 rrrsr.
1018 491 1074 538 nv.
1142 496 1168 567 9

161 602 406 690 animalcula,
418 627 500 700 quae
522 603 552 674 si
571 602 677 674 trulla
695 603 734 673 in
751 602 897 674 mundo
917 619 1062 691 essent,
1083 604 1170 676 nul·

160 723 238 799 lam
265 745 421 818 quoque
446 720 609 800 scabiem
642 718 723 793 fore
749 736 983 809 asseverant,
1016 737 1057 793 ut
1085 748 1168 820 qun

159 865 363 938 uunquam
383 841 562 937 corripiat
571 864 821 938 quemqnam,
838 841 910 911 nisi
922 839 1169 912 aliundenac-

160 973 244 1034 tum
271 960 341 1030 ista
360 957 606 1047 animalcula·
629 959 747 1055 Igitur
775 982 820 1031 ex
843 957 1055 1030 istiusmodi
1075 958 1169 1057 dog-

157 1076 332 1167 matibus
361 1075 454 1174 quid
493 1091 744 1173 utrorumque
778 1075 997 1148 auctoribus
1029 1078 1168 1175 partim

159 1195 261 1282 Veri,
281 1208 319 1266 et
335 1192 607 1297 lltilis‚partim
622 1195 745 1265 minus
763 1195 860 1283 veri,
878 1195 1081 1291 minusque
1096 1195 1169 1268 tuti
1232 1240 1234 1246 .
1339 1221 1342 1226 ¹

158 1313 200 1387 in
215 1312 413 1382 curatione
428 1309 565 1388 dooere
586 1310 1022 1410 contigerit‚videamus.
1086 1371 1090 1379 .

212 1429 245 1503 5.
264 1429 436 1506 Medicus
450 1427 783 1534 prudentissimus,
800 1429 977 1527 idemque
992 1430 1166 1503 doctissi-

158 1573 246 1624 mus
260 1547 450 1618 Ballonius
470 1545 525 1644 (ι)
551 1571 636 1617 cum
654 1571 766 1644 super
785 1549 881 1619 cutis
901 1545 1166 1620 affectionibus

156 1667 197 1736 in
210 1666 386 1764 dogmata
400 1664 653 1761 quorumdam
670 1665 870 1737 incidisset⁴
880 1691 965 1736 cum
982 1666 1055 1737 illis
1071 1689 1175 1737 cona.

157 1785 360 1856 sentientia
378 1781 425 1853 de
444 1782 584 1879 quibus
601 1781 717 1854 modo
739 1783 977 1872 dicebamus;
997 1785 1165 1872 ratione,

156 1901 389 1998 experientia
409 1916 445 1972 et
462 1902 700 1999 Hippocratis
722 1900 895 1972 doctrina
924 1899 1071 1989 fretus,
1094 1903 1170 1994 tria

157 2019 257 2090 cutis
276 2015 520 2090 affectionum
546 2041 684 2115 genera
710 2033 816 2090 caute
841 2021 939 2091 inter
962 2019 1070 2094 seito
1090 2017 1165 2090 dis·
1249 2023 1251 2028 ’

155 2135 367 2235 tinguenda
396 2161 475 2210 esse
510 2137 671 2225 censuit,
690 2153 742 2208 nt
770 2137 848 2208 aliae
876 2139 950 2209 sint
983 2152 1165 2234 tanquam

156 2257 256 2328 cutis
282 2256 399 2352 ipsius
433 2254 580 2341 morbi,
617 2254 694 2326 aliae
726 2271 904 2352 tanquam
938 2255 1165 2329 interiorum

152 2373 322 2472 partium
342 2371 556 2461 abscessus,
576 2373 654 2450 aliae
671 2389 851 2471 tanquam
870 2375 970 2444 inter
986 2389 1162 2470 utrasque

152 2489 400 2588 ambigentes.
422 2491 554 2587 Neque
575 2493 680 2586 signa
694 2516 761 2588 per
776 2516 858 2588 quae
874 2491 1040 2588 singulas
1054 2492 1165 2562 intent
1261 2483 1269 2496 ⁸

151 2631 377 2696 noscamus,
407 2608 668 2705 praetermisit:
698 2633 822 2704 neque
860 2608 1065 2695 dubitavit,
1097 2606 1165 2680 ubi
1272 2585 1275 2596 Ι

154 2727 254 2799 cutis
273 2724 539 2798 tantummodo
554 2723 678 2795 morbi
696 2726 789 2808 sint,
810 2741 895 2796 tunc
914 2730 956 2793 irc
970 2739 1164 2796 externum

155 2841 254 2918 illud
269 2847 404 2913 vitium
433 2843 641 2914 incumbere
664 2821 858 2940 oportere,
882 2865 959 2911 non
987 2841 1162 2912 lacessitis

143 2985 225 3067 per
240 2959 512 3036 medicamenta
532 2965 745 3058 purgantia
767 2961 945 3058 portibus
969 2963 1159 3033 intestinis.

151 3079 257 3169 Quin
287 3076 362 3148 huc
384 3075 494 3148 facile
516 3079 706 3174 pertinere
731 3076 930 3164 indicavit,
959 3075 1161 3163 Iotasillas

153 3191 523 3301 Simonispnstnlas‚
539 3187 660 3292 quem⁴
671 3195 919 3291 Hippocrates
934 3192 988 3290 (a)
1002 3247 1011 3282 ,
1025 3195 1091 3272 nbi
1109 3191 1165 3270 ad

153 3317 276 3416 ignem
299 3316 556 3411 inungeretur,
576 3327 646 3389 ent
669 3311 795 3390 calida
819 3310 1029 3397 lavaretur,
1051 3335 1162 3408 opere

151 3435 307 3510 sensisse
320 3429 487 3526 scripsit3
512 3434 695 3508 vomitum
717 3443 842 3502 autem
867 3451 944 3498 aon
954 3429 1159 3526 profuisse.

153 3547 334 3652 Inprimis
378 3570 469 3626 vero
497 3546 545 3625 ad
577 3549 816 3654 propositum
857 3544 944 3624 facit
978 3544 1083 3654 quod
1112 3545 1161 3621 acl

190 3919 236 3998 (ι)
258 3918 349 3996 Epid.
366 3928 396 3975 et
413 3919 526 3993 uphem.
542 3921 561 3977 1.
581 3939 614 3997 1,
631 3919 752 3980 constit.
766 3920 865 4000 hyem·
878 3937 927 3979 an.
944 3914 1030 3994 1574·
1136 3972 1139 3977 ,

192 4032 236 4116 (a)
257 4033 347 4119 Epid.
360 4035 380 4096 l·
394 4033 429 4110 6,
446 4051 470 4096 t·
486 4052 513 4094 ².
