2782 4652
131 399 619 508 nemorumnemorum.
631 425 1005 501 surraroemrrsrmx.
1034 435 1105 526 409

105 571 168 644 dis
183 572 282 644 latus
293 567 487 644 dexterum
505 589 619 640 curva
632 564 730 638 linea
747 562 941 654 finiretur,
961 585 1107 650 summa

105 688 286 760 videlicet
315 685 416 774 basi,
441 699 478 756 et
506 705 688 756 mucrone
714 679 845 754 infimo
869 683 1105 774 dextrorsum

105 801 427 903 prominentibus⁴
441 800 542 891 Quin
558 799 727 872 eamdem
740 800 928 899 insolitam
939 815 1109 896 curvatu-

98 942 192 1016 ram
219 934 365 1020 septum
388 919 510 1016 ipsum
530 916 654 989 cordis
674 914 908 1015 sequebatur.
931 921 1006 988 Cor
1021 941 1108 1017 pare

106 1061 202 1109 vum
222 1049 300 1110 erat
314 1037 600 1134 potius,·quam
620 1059 820 1132 magnum3
840 1033 905 1106 sed
921 1035 1107 1132 valvulas,

106 1155 281 1252 aliasque
295 1152 486 1249 ejusmodi
498 1166 621 1252 partes
638 1151 697 1223 vel
710 1150 807 1223 infra
830 1151 928 1224 hanc
949 1171 1108 1252 propo'n

79 1275 255 1363 ‘tionem
272 1295 402 1370 parvas
419 1267 591 1354 habebat.
608 1274 741 1367 Magna
759 1272 892 1342 arteria
906 1285 1106 1368 postquam
1205 1334 1208 1348 ,

105 1391 302 1464 sinistram
321 1387 548 1474 subelaviam
567 1388 759 1476 emiserat,
772 1387 872 1493 intus
885 1388 931 1459 ad
944 1388 1108 1485 aliquem

1 1543 2 1570 1
104 1521 273 1578 tractum
291 1521 369 1579 erat
387 1529 516 1604 aspera
532 1503 583 1576 ob
600 1506 858 1602 prominentes
874 1503 1005 1593 fibras,
1023 1521 1104 1577 tan-

103 1647 228 1720 quam
244 1623 375 1694 intima
394 1621 537 1694 deesset
550 1622 685 1712 tunica.
712 1621 837 1692 Cranii
858 1619 1008 1693 demum
1030 1619 1108 1692 for-

1 1770 2 1774 ’
104 1743 214 1827 nice,
230 1739 582 1838 etcrassameninge
601 1737 754 1825 amotis,
768 1761 853 1810 vasa
872 1737 1026 1835 quidem
1039 1763 1115 1836 per

1 1895 3 1928 ;
103 1868 265 1930 tenuem
291 1856 553 1953 conspeximus
577 1856 686 1953 nigro
714 1855 895 1956 sanguine
924 1879 1107 1952 perquam

106 1975 294 2062 distenta,
310 1989 351 2046 ut
372 1989 408 2046 et
422 1974 575 2045 minima
592 1997 745 2072 quoque
763 1973 827 2044 illa
847 1997 929 2069 quae
942 1996 1010 2070 per
1029 1991 1120 2043 me··

1 2124 3 2127 >
46 2105 50 2118 '
107 2091 295 2165 dullarem
312 2089 471 2164 cerebri
500 2089 742 2164 substantiam
766 2088 1036 2169 conlertissima
1056 2087 1108 2160 fe-

107 2209 319 2300 rebantur,
340 2208 403 2280 sed
422 2207 517 2280 nihil
533 2232 690 2306 usquam
712 2205 817 2280 effusi
835 2208 1025 2306 sanguinis
1044 2208 1108 2279 de·

1 2373 3 2396 .
108 2326 349 2427 prehendere
365 2327 574 2424 potuimus;
592 2327 740 2398 tametsi
765 2325 870 2424 quod
890 2325 1106 2410 lateralibus
1193 2401 1195 2416 ,

1 2479 2 2482 “
107 2443 330 2516 ventriculis
354 2467 478 2516 serum
491 2443 627 2532 inerat,
653 2467 724 2516 nec
746 2444 796 2516 ita
824 2467 1007 2542 paucum,
1028 2467 1111 2518 esse

1 2611 3 2620 .
107 2550 273 2632 uidimus
286 2561 683 2658 sanguinolentum,in
697 2559 868 2658 plexibus
877 2574 1001 2632 autem
1019 2557 1108 2630 cho·

1 2717 2 2722 =
107 2677 282 2750 roidibus
298 2701 373 2775 qua
387 2678 427 2748 in
438 2701 614 2752 ascensus
626 2668 755 2750 fin'e‘se
767 2675 983 2765 inflectunt,
998 2674 1109 2773 hyda·

107 2793 222 2882 tides,
239 2797 279 2865 in
296 2793 412 2868 altero
432 2795 656 2893 prresertim,
674 2817 754 2864 non
765 2791 947 2891 parvulas.

98 2979 101 2988 .
152 2938 194 3008 ¹9.
213 2913 443 2984 Hascertein
461 2912 541 2986 aliis
555 2913 695 3010 pariter
710 2935 805 3008 quos
820 2910 1014 3008 apoplexia
1027 2931 1105 2980 non

108 3030 278 3118 sustulit,
296 3053 390 3128 saepe
403 3027 456 3101 ibi
468 3029 686 3127 conspicere
703 3027 801 3112 soliti
815 3051 961 3100 sumus:
982 3051 1106 3102 serum
1131 3095 1133 3101 .

109 3155 258 3236 autem,
288 3149 377 3221 dum
400 3149 596 3223 cerebrum
616 3151 655 3219 in
673 3174 750 3248 quo
767 3145 935 3222 conferta
958 3149 1108 3230 vascula

111 3266 295 3364 sanguine
312 3264 471 3339 distenta
488 3266 578 3352 sint,
597 3279 850 3364 persecamus,
868 3268 936 3337 vix,
948 3264 1108 3364 fieripo

108 3397 184 3456 test
198 3383 292 3482 quin
312 3382 359 3456 ab
382 3382 495 3480 hujus
522 3383 677 3480 guttulis
700 3381 965 3472 illabentibus,
998 3384 1109 3454 etiam

110 3501 330 3599 perpaucis,
344 3499 671 3599 sanguinolentum
691 3523 770 3572 non
791 3513 978 3598 appareat.
996 3497 1110 3587 Quod

112 3618 144 3690 si
161 3613 259 3690 forte
278 3617 411 3690 insero
425 3631 489 3718 apt
502 3641 570 3716 per
587 3617 830 3688 acrimoniam
842 3616 1109 3699 irritante,·aut

112 3757 182 3833 per
195 3734 361 3834 copiam,
381 3733 492 3809 etiam
508 3757 587 3806 non
604 3757 795 3833 magnam,
813 3729 1113 3828 compressiones

20 3909 24 3916 .
114 3849 259 3924 cerebri
292 3865 477 3949 augente,
511 3873 658 3923 causam
691 3846 804 3946 hrrjus
836 3845 1038 3945 apoplexiae
1066 3867 1114 3936 ex(

113 3983 218 4068 parte
237 3965 362 4070 aliqua
374 3966 465 4058 velis
479 3983 681 4067 agnoscere
695 3961 957 4043 secundumea
969 3985 1049 4060 qua
1062 3959 1109 4033 de
