2746 4662
213 519 216 524 ,
284 459 353 540 '150
450 486 496 538 ns
523 477 669 540 seorsus
693 489 738 536 rr
764 487 888 538 causis
913 485 1124 537 notrorum

278 601 461 676 Panarolo
489 603 701 702 proposita,
727 617 881 700 questus
907 603 976 675 sim
1002 601 1055 700 (ι)
1080 600 1188 702 plura
1204 619 1284 672 esse

277 719 536 820 praetermissa.
561 723 670 790 Certe
692 734 817 790 autem
838 719 868 791 si
887 741 1060 818 ponas,a
1077 717 1198 816 capite
1211 716 1284 814 pri·
1364 725 1365 764 ³

278 847 379 908 mam
398 833 610 908 vertebram
633 859 710 908 non
740 860 851 935 posse
877 835 997 908 luxari
1018 863 1029 924 3
1066 835 1191 906 obstet
1219 833 1284 903 illa

271 949 384 1025 ‘denti
407 951 593 1052 secundae(
604 953 784 1052 vertebrae
812 977 963 1026 necesse
989 968 1045 1025 est
1065 954 1141 1024 sive
1175 973 1283 1022 osseo

278 1071 466 1141 anteriore
487 1094 554 1142 suo
564 1092 675 1158 areu,
696 1096 745 1144 ne
764 1087 1003 1158 antrorsum,
1027 1071 1103 1142 sive
1122 1066 1286 1148 firmissi-

276 1206 342 1258 mo
356 1186 560 1286 ligamento
578 1203 809 1276 transverse,
825 1213 874 1260 ne
895 1203 1103 1259 retrorsum
1121 1183 1282 1270 feratur,

279 1301 375 1377 adeo
388 1326 474 1376 cum
494 1307 655 1405 impulsa
674 1305 839 1380 secunda
853 1305 1045 1393 vertebra,
1071 1319 1113 1376 ut
1131 1303 1212 1374 haec
1226 1301 1284 1372 lu·
1362 1311 1366 1338 ³

277 1435 407 1510 xetur,
425 1421 497 1494 nisi
516 1439 580 1495 aut
592 1439 819 1522 rumpantur
830 1423 997 1510 vincula,
1017 1438 1080 1494 aut
1091 1421 1187 1492 dens
1203 1421 1284 1517 ipse
1365 1465 1366 1471 κ

278 1536 563 1638 perfringatur:
589 1565 714 1640 neque
731 1541 841 1613 aliter
865 1539 946 1614 fore
964 1541 1088 1628 vides,
1118 1538 1189 1610 ubi
1207 1539 1284 1608 ani·
1365 1551 1366 1590 1

228 1717 255 1750 x
278 1656 490 1730 madvertas
523 1657 617 1756 quid
648 1659 754 1730 denti
786 1683 806 1730 a
835 1659 951 1732 latere
988 1661 1035 1731 sit
1068 1658 1286 1754 objectum,

278 1773 310 1845 si
326 1770 421 1847 forte
433 1799 514 1846 eam
527 1774 739 1848 vertebram
754 1776 874 1848 luxari
891 1776 983 1848 velis
1002 1776 1040 1846 in
1058 1775 1283 1846 alterutrum

278 1889 386 1964 latus.
405 1895 536 1964 Sermo
556 1893 657 1965 enim
677 1907 757 1965 erat
786 1907 917 1965 noster
940 1892 987 1964 de
1017 1894 1115 1965 veris
1144 1893 1286 1988 ejusce·

194 2005 209 2034 '
279 2009 384 2081 modi
399 2009 664 2083 lunationibus.
685 2009 821 2102 Quales
842 2013 882 2081 in
903 2009 1055 2082 duobus
1075 2009 1286 2080 Maucharti

281 2127 461 2226 exemplis
481 2125 594 2199 fuisse
619 2125 755 2198 vellem
778 2156 786 2198 :
812 2151 1029 2226 quanquam
1059 2127 1159 2198 enim
1189 2127 1288 2198 inter

279 2243 493 2315 'vertebram
516 2260 553 2316 et
570 2243 783 2316 vertebram
803 2248 985 2345 potuisse,
1012 2245 1085 2333 ait,
1106 2243 1285 2342 pollicem

280 2361 454 2448 immitti3
480 2377 606 2434 tamen
634 2363 675 2433 in
712 2363 836 2462 primo
860 2365 921 2436 vel
953 2365 1031 2462 ipse
1056 2363 1195 2434 diserte
1222 2364 1288 2433 ness

281 2491 342 2578 gat
356 2479 430 2578 (a),
447 2503 577 2566 veram
590 2473 703 2553 fuisse
718 2478 959 2554 luxationem.
977 2479 1153 2579 Illudque
1173 2482 1287 2552 etiam
1366 2515 1367 2566 p

264 2593 395 2696 sopra,
415 2613 457 2670 ut
479 2593 573 2669 illud
587 2597 803 2697 exemplum
824 2600 987 2698 primum
1005 2597 1053 2670 ab
1067 2600 1149 2696 ipso
1166 2613 1287 2685 esset,

280 2737 360 2787 non
378 2739 399 2787 a
420 2717 547 2787 vicino
574 2715 741 2815 quodam
763 2715 930 2806 medi003
958 2718 1008 2789 sic
1028 2718 1130 2788 enim
1149 2729 1287 2813 rupto-

279 2850 365 2902 rum
382 2833 690 2930 ligamentorum,
708 2849 745 2906 et
758 2831 882 2923 fracti,
897 2850 961 2906 aut
977 2859 1057 2906 non
1072 2830 1181 2904 fracti
1191 2833 1289 2906 ossis
1366 2841 1367 2922 ξ

280 2944 375 3020 lacta
395 2966 491 3022 esset
508 2951 673 3039 mentio,
695 2975 776 3048 quae
793 2952 832 3022 in
857 2943 1023 3024 secundo
1044 2975 1124 3022 non
1140 2950 1289 3022 deside·

280 3081 407 3150 ratur,
419 3067 460 3138 iu
477 3091 554 3164 quo
572 3081 698 3139 tamen
719 3069 750 3140 si
769 3069 866 3167 ipse,
884 3085 927 3140 ut
943 3067 1129 3156 interluit,
1148 3070 1202 3140 sie
1217 3067 1289 3140 dis·

280 3183 485 3255 sectionem
523 3173 755 3282 peregisset;
787 3209 912 3284 neque
943 3185 1128 3259 dubitatio
1156 3183 1288 3259 fuisset

279 3301 356 3374 ulla
375 3299 422 3375 de
438 3303 650 3403 ligamentis
667 3305 794 3406 lapsus
811 3307 1072 3399 vehementia,
1093 3335 1141 3380 an
1159 3307 1288 3382 cultro

279 3415 471 3511 laceratis;
489 3435 526 3494 et
543 3421 742 3511 vertebris,
760 3425 861 3497 intus
879 3441 1058 3524 extraque
1075 3425 1287 3526 diligentis-

280 3537 377 3608 simo
401 3540 571 3611 examine
597 3543 824 3640 perspectis,
862 3543 981 3615 multo
1011 3544 1149 3616 certius
1179 3567 1286 3617 nunc

280 3669 398 3745 esset,
414 3653 560 3728 nullam
574 3663 711 3736 ossium
727 3655 1071 3752 luissefracturam.
1101 3662 1189 3752 Quo
1208 3688 1286 3734 ma·

318 3935 364 4014 (1)
384 3941 497 4016 Supra,
516 3959 547 3996 n.
564 3940 615 3999 35.

321 4034 364 4115 (a)
387 4041 402 4111 ς
426 4039 461 4097 16
482 4039 515 4097 in
530 4038 582 4099 liu.
