2858 4658
303 355 350 430 8ο
475 382 521 430 ns
547 381 692 432 srnraus
717 380 760 428 ar
786 379 908 430 causis
934 375 1144 430 uonaonunr

298 510 468 572 mentum
489 497 584 566 illud
605 509 701 566 teres
724 493 829 609 quod
856 495 988 591 saepius
1000 493 1313 566 memoravimus

299 637 433 710 supra,
456 611 714 684 abacetabuli
737 611 856 682 fundo
885 628 1030 700 ortam,
1065 610 1310 698 describens,

300 735 339 800 in
352 729 534 818 medium,
551 730 695 824 inquit,
716 735 831 800 cruris
843 745 958 828 caput
967 735 1150 800 inseritur.

350 853 382 934 4.
404 851 543 916 Eorum
568 861 692 918 autem
711 847 778 944 qui
794 861 923 918 nostra
948 846 1180 944 scripserunt
1201 858 1309 916 aetate
1410 869 1411 952 ]

300 963 600 1049 observationes,
628 988 708 1044 non
739 987 871 1034 omues
891 979 1016 1034 tamen
1039 961 1102 1033 hic
1128 961 1309 1060 quidem,
1410 959 1411 986 ³

301 1107 438 1179 easque
458 1082 614 1152 strictim
635 1081 905 1169 indicabimus,
924 1098 1005 1154 tum
1028 1084 1117 1180 quia
1136 1081 1309 1154 crebrius

300 1197 357 1286 hae
375 1189 706 1269 suntinorirnium
731 1199 926 1285 manibus,
958 1215 1038 1270 tum
1068 1199 1157 1298 quia
1179 1198 1310 1296 praeci·

300 1339 383 1412 pute
399 1329 541 1387 exstant
560 1316 600 1385 in
615 1315 827 1385 Salzmanui
850 1316 1111 1388 dissertatione
1127 1313 1182 1412 (ι)
1200 1337 1305 1386 auno
1410 1393 1411 1408 χ

302 1430 400 1502 edita
414 1431 515 1528 1723,
530 1456 604 1528 qua
618 1433 791 1528 copiose,
807 1448 844 1504 et
860 1449 1051 1520 accurate,
1064 1433 1180 1528 siquis
1195 1431 1309 1516 aliuS,
1410 1517 1411 1522 ἵ

301 1573 431 1622 causas
448 1551 617 1646 exposuit
636 1549 686 1620 ob
710 1574 802 1646 quas
827 1548 1016 1621 difficilius
1033 1550 1174 1620 luxatio
1193 1546 1307 1618 lemo·

300 1667 352 1740 ris
373 1665 420 1736 ab
446 1667 525 1762 ejus
547 1667 635 1737 colli
666 1665 829 1738 fractura
847 1667 1143 1750 internoscatur,
1161 1681 1198 1736 et
1220 1663 1310 1736 faci·
1410 1735 1411 1752 ἶ

302 1783 374 1854 lius
390 1798 515 1854 tamen
541 1783 638 1870 haec,
671 1798 707 1854 et
740 1783 844 1880 quod
870 1784 1141 1880 consequitur,
1172 1782 1308 1878 saepius

302 1926 414 1997 quam
436 1899 515 1988 illa,
540 1900 587 1972 ab
610 1915 763 1971 externa
785 1900 963 1971 violentia
980 1901 1183 1998 contingat.
1212 1902 1311 1969 Sunt
1410 1919 1411 1930 ³

300 2019 372 2088 illae
393 2018 673 2090 observationes
691 2019 730 2086 in
755 2018 799 2088 iis
818 2017 953 2088 habitae
979 2041 1145 2114 quorum
1169 2015 1310 2088 claudi·
1410 2087 1411 2100 ,

302 2137 398 2206 catio
420 2161 441 2205 a
465 2136 672 2223 luxatione,
693 2159 772 2204 non
794 2132 996 2206 afractura
1021 2159 1099 2206 esse
1124 2115 1309 2205 ciedeba-

301 2269 380 2340 tur,
400 2254 476 2324 aliae
501 2268 626 2324 autem
648 2251 694 2322 ad
707 2251 958 2348 Ruyschium,
983 2251 1061 2324 aliae
1085 2251 1132 2322 ad
1153 2247 1308 2322 Chesel⁴
1364 2328 1366 2332 ‚

303 2371 461 2458 denum,
482 2371 559 2439 aliae
581 2369 628 2448 ad
649 2367 847 2439 Erudlium
874 2371 1082 2468 pertinent,
1098 2367 1310 2440 accedenti·
1330 2361 1332 2364 ’

301 2487 372 2560 bus
397 2513 483 2559 cum
502 2485 606 2570 Ravii
626 2485 902 2583 approbatione
923 2487 1003 2558 aliis
1027 2487 1162 2558 Borstii
1179 2477 1308 2556 obser·

300 2605 537 2689 nationibus,
569 2604 740 2700 quicum
769 2619 856 2675 octo
886 2605 1026 2702 pariter
1052 2602 1308 2675 claudicantes

302 2724 498 2809 secuisset,
519 2745 715 2816 nunquam
741 2721 994 2809 luxationem,
1014 2718 1079 2792 sed
1103 2717 1308 2790 fracturam

301 2865 466 2937 semper,
488 2854 531 2909 ut
549 2839 623 2926 illi,
638 2839 793 2920 cervicis
812 2837 965 2911 femoris
992 2836 1306 2934 deprehenderat.
1410 2917 1411 2922 ἵ

301 2956 513 3054 Ruysehius
530 2970 671 3044 autem,
690 2956 798 3052 cujus
811 2957 1070 3054 potissimum,
1086 2955 1308 3026 auctoritate

271 3159 276 3170 ,
301 3100 361 3148 res
377 3073 595 3145 confirmari
621 3073 759 3146 nostris
783 3072 1018 3172 temporibus
1039 3087 1160 3182 coepta
1177 3086 1249 3160 est,
1269 3087 1308 3144 et

267 3225 270 3229 ·
300 3193 357 3264 rei
377 3215 503 3262 causas
518 3191 572 3288 (2)
585 3191 694 3262 simul
718 3217 803 3266 cum
825 3189 1152 3263 observationibus
1173 3187 1307 3286 protu-

301 3309 364 3399 lit,
384 3325 421 3380 et
444 3311 482 3378 in
509 3308 645 3383 harum
675 3308 903 3410 quibusdam
937 3309 1126 3406 peculiare
1159 3307 1305 3404 aliquid

301 3427 508 3513 adnotavit,
529 3427 708 3497 nimirum
725 3427 880 3498 cervicis
893 3425 984 3496 olim
995 3439 1131 3522 rupta,
1149 3439 1185 3494 et
1199 3448 1304 3494 eom-

302 3547 475 3632 minutae,
508 3571 585 3614 non
618 3545 740 3616 solum
771 3569 851 3614 non
884 3544 1101 3641 superstites
1126 3542 1304 3638 reliquias
1410 3629 1411 3636 ἵ

266 3833 267 3838 ’
342 3827 383 3911 (ι)
405 3833 452 3887 De
465 3831 557 3885 luxat.
573 3847 631 3886 oss.
649 3829 773 3901 femor,
788 3839 862 3904 etc,
877 3849 904 3888 c·
918 3833 946 3896 4.

265 3992 267 3997 ,
340 3931 385 4012 (a)
405 3932 492 3988 Thes.
507 3940 586 3988 anat.
600 3929 635 4002 8,
648 3949 679 3984 n.
696 3929 763 3988 103.
