2824 4652
59 507 166 556 cmv.
178 505 222 554 on
231 498 415 554 senators
425 501 548 554 sonia.
560 503 866 571 sururroa,rr1sr.
877 507 971 556 uxvt.
995 487 1060 560 581

117 646 151 717 9.
175 621 251 692 Viri
266 618 513 716 sexagenarii,
538 631 581 688 ut
598 617 811 706 videbatur,
834 619 993 694 cadaver
1009 609 1071 696 eo*

66 735 156 809 dem
168 751 357 834 tempore,
372 734 589 832 ibidemque
617 736 903 810 conserebatur
920 743 1005 832 Quo
1023 739 1071 816 de

35 940 38 944 Ι
65 856 150 925 viro
167 851 262 924 nihil
283 852 383 924 aliud
398 851 506 939 scivi,
527 852 598 923 nisi
618 852 708 925 olim
732 855 952 952 priusquam
970 863 1072 931 Pata·

65 972 121 1042 vii
145 970 399 1058 mendicaret,
430 967 715 1074 in'trircmibus
745 967 877 1061 fuisse,
901 965 1081 1048 rixarum·

67 1110 179 1160 causa
211 1087 368 1159 fortasse
418 1075 648 1156 damnatum
684 1091 793 1159 Certe
829 1107 1074 1192 acceptorum
1093 1149 1095 1154 .

66 1204 270 1276 vulnerum
296 1203 488 1276 cicatrices
513 1203 640 1299 plures
669 1205 708 1272 in
737 1200 957 1297 abdomine,
985 1235 1075 1308 pro·

63 1324 252 1420 ximisque
272 1319 441 1420 partibus
466 1319 707 1418 apparebant.
742 1326 883 1398 Ventre
919 1345 956 1400 et
981 1331 1070 1401 tho-

66 1464 155 1512 race
174 1440 359 1526 dissectis,
378 1437 526 1508 nullum
540 1461 585 1507 ex
596 1439 641 1510 iis
655 1437 877 1514 vulneribus
887 1444 1072 1516 ita-eorum

68 1581 204 1632 cavum
223 1555 454 1655 pervenisse,
471 1568 605 1653 praeter
617 1573 743 1626 unum*
756 1575 990 1656 compertum
1002 1577 1075 1653 est,

67 1674 177 1772 quod
192 1690 319 1745 tamen
335 1675 374 1746 in
393 1688 548 1744 omento
561 1671 796 1760 substiterat,
814 1678 1076 1776 quippecujus

66 1792 276 1893 particula,
305 1790 482 1889 subjectis
508 1777 885 1882 visceribus'itlaesis,
918 1797 1076 1894 aggluti-

66 1913 186 1983 tinata
205 1908 369 1982 haercbat
390 1911 489 1979 intra
508 1907 722 2006 ellyptieam
741 1911 883 2006 pertusi
903 1911 992 1982 olim
1010 1939 1077 2011 pe·

66 2027 216 2100 ritonoei
235 2021 431 2098 foueolam.
461 2024 705 2097 Ventriculus
733 2024 850 2098 ferme
872 2029 1011 2120 inanis,
1039 2017 1077 2104 et

67 2163 198 2219 tamen
225 2143 422 2243 grandior,
446 2144 604 2214 interius
630 2143 750 2216 levem
782 2145 1077 2245 ostenditphlo·

70 2265 215 2362 gosim,
234 2260 481 2359 oesophagum
497 2283 638 2332 versus.
660 2262 802 2334 Tennia
820 2267 1084 2338 autem'intes-·

66 2383 152 2454 tina
179 2380 346 2452 colorem
375 2381 538 2451 exterius
564 2403 584 2450 e
616 2377 713 2450 flavo
740 2377 908 2468 fuscum,
939 2387 1078 2480 cystica

67 2498 158 2570 bilis
177 2497 334 2585 ssavum,
361 2495 427 2568 sed
453 2495 634 2582 dilutum,
665 2510 702 2568 et
725 2479 954 2570 obsoletum>
980 2503 1077 2572 Jeci-

67 2615 178 2687 noris
192 2612 302 2686 facies
320 2635 409 2684 cava
427 2637 449 2683 a
476 2611 616 2683 dextris
635 2615 782 2685 macula
799 2612 1009 2688 foedabatur
1021 2619 1077 2688 iri·

68 2730 254 2831 gerrima,
283 2729 405 2825 figura
438 2728 635 2800 ad'aceam
666 2731 800 2802 circuli
833 2734 940 2830 quasi
969 2757 1075 2806 acce-

65 2849 205 2932 dente,
224 2847 333 2946 cujus
352 2845 534 2918 diameter
545 2860 799 2919 transversum
819 2849 978 2946 digitum
993 2852 1074 2949 pol·
1102 2910 1105 2929 ‚

67 2968 184 3039 licem
202 2989 279 3036 nou
294 2980 497 3064 superaret.
518 2968 613 3036 Cum
626 2963 777 3038 subesse
787 2965 956 3040 humoris
967 2969 1098 3067 quid*

66 3086 171 3185 piam
185 3083 397 3171 videretur,
421 3084 601 3180 jecinoris
627 3085 794 3155 tunicam
812 3133 815 3138 ·
833 3107 907 3182 qua
931 3089 1075 3184 operie·

61 3208 194 3292 batur,
211 3203 349 3293 incidi,
365 3215 403 3275 et
421 3201 734 3275 semiconcretum
754 3207 975 3308 sanguinem
994 3231 1073 3280 esse

69 3325 255 3424 cognovi,
276 3345 357 3394 non
375 3319 481 3392 valde
496 3318 683 3419 profunda
702 3317 809 3392 fovea
827 3309 1093 3420 comprehenss

68 3467 166 3518 sum.
192 3443 356 3514 Interior
384 3438 497 3510 facies
527 3461 671 3536 magnae
699 3439 848 3509 arteriae'
874 3443 1073 3538 particulas

68 3558 229 3658 quidem
242 3552 376 3628 habuit
393 3577 541 3643 osseas;
559 3553 624 3626 sed
639 3553 831 3650 disjectas,
848 3579 980 3652 parvas
1002 3582 1073 3628 nec

66 3675 218 3750 multas.
241 3678 343 3766 Quas
357 3673 471 3758 inter,
488 3687 532 3744 ut
553 3671 601 3743 dc
627 3672 802 3750 thoracis
817 3697 972 3769 quoque
993 3699 1076 3771 par·

63 3793 170 3868 tibus
184 3789 523 3890 aliquiddicamus,
543 3790 665 3888 major
682 3787 860 3862 ‘certefuit
878 3790 1077 3886 quae‘orifi·

37 3999 38 4002 Ἴ
70 3914 133 3984 cio
146 3912 219 4009 ipsi
234 3909 510 4007 eratimposita,
529 3907 569 3977 in
587 3905 697 4006 quod·
710 3906 907 3980 desinebat
926 3923 1078 4006 apertus

70 4031 167 4102 olim
183 4028 224 4100 in
244 4025 339 4100 foetu
363 4025 502 4101 canalis
525 4027 738 4104 arteriosus.
776 4031 852 4100 Cor
872 4049 1074 4124 maguum,

150 4171 185 4248 7·
889 4141 934 4241 ³7
1019 4145 1021 4147 ’
