2732 4654
112 455 174 502 m.
186 453 232 502 rr.
252 449 299 498 ur
312 406 635 496 uorursorunnno.
647 475 656 511 ‚
670 435 739 494 etc.
754 445 869 496 urrsr.
882 449 954 498 mx.
977 424 1053 502 355

69 565 231 666 putandi.
255 560 568 660 incontroversia
590 561 815 659 praesertim,
832 585 971 660 ea'qua
988 589 1058 662 par

70 683 186 773 fuerit,
211 682 302 754 hinc
327 678 533 768 modestia,
559 676 647 750 inde
677 681 851 752 comitate
884 697 993 772 ortu,
1020 699 1058 758 et

68 789 267 900 progressui
291 815 495 898 utramque
532 797 667 869 eximie
697 795 937 872 laudantibus
967 803 1058 876 viris

68 919 176 990 doctis
201 915 275 1012 (ηε
295 932 339 988 ut
360 915 516 988 minime
533 913 777 1004 dubium-sit,
806 918 901 1012 quin
928 943 974 990 ex
999 918 1058 994 his

67 1036 187 1132 aliquis
204 1060 224 1106 a
241 1057 318 1132 quo
335 1036 519 1104 acerrima
527 1026 641 1106 fuisse
655 1031 812 1122 dicitur,
823 1032 920 1106 nihil
932 1035 1056 1127 aliud,

67 1177 169 1250 quam
189 1165 437 1250 expromptos
461 1151 664 1248 utrinque,
680 1164 719 1228 et
733 1166 933 1224 contentos
951 1175 1059 1250 spec·

67 1269 187 1341 taverit
209 1269 887 1341 nervosrationum.›1t0strumenim
909 1271 1059 1367 utrique

66 1388 263 1485 plurimum
279 1384 396 1472 favet,
416 1383 511 1458 mihi
527 1399 671 1474 nutem,
691 1407 774 1496 qum
787 1385 868 1482 ejus
884 1409 954 1488 par
970 1387 1060 1461 dou·

65 1508 175 1596 trinae,
190 1520 240 1577 -et
263 1502 471 1578 eruditioni
493 1501 709 1576 humanitas
729 1515 807 1590 est,
830 1518 978 1576 tantum
994 1506 1062 1576 tri·

65 1623 160 1710 buit,
188 1636 376 1721 quantum
404 1645 453 1692 ne
478 1635 611 1718 optare
639 1619 793 1718 quidem
815 1622 946 1693 ausim.
983 1623 1056 1696 Sed

65 1741 143 1824 iiiuc
157 1741 286 1814 redeo·
305 1744 437 1836 Itaque
454 1761 503 1810 ne
523 1753 605 1808 tum
622 1735 775 1835 quidem
800 1762 821 1807 a
842 1762 903 1810 me
914 1740 1059 1838 aliquid
1107 1833 1110 1844 Ι

64 1858 275 1931 novandum
308 1856 439 1928 censui
451 1909 466 1942 ,.
488 1879 576 1926 cum
609 1851 767 1938 biennio
799 1852 916 1927 ferme
941 1858 1060 1929 inter-

60 1975 168 2072 jecto,
195 1974 391 2050 accidisset
417 1985 459 2048 ut
476 1970 617 2044 addere
649 1973 842 2046 Lanoisius
866 1975 1061 2072 Appendi-

64 2121 136 2168 cem
160 2095 319 2168 deberet
342 2092 391 2166 ad
418 2089 747 2174 metaltothecam‚
774 2092 1059 2192 scripsissetque

62 2211 104 2283 ad
125 2237 206 2302 me,
226 2211 376 2311 placere
403 2210 638 2284 sanctissimo
661 2209 858 2307 utriusque
885 2227 1060 2284 nostrum

62 2332 240 2419 Domino,
259 2343 303 2401 ut
321 2327 434 2406 simul
452 2326 654 2426 disputatio
672 2326 736 2400 ilia
757 2351 873 2425 quam
894 2327 1059 2429 benigne
1158 2401 1163 2408 ,

61 2448 283 2547 perlegerat,
300 2444 496 2532 ederetur,
523 2459 563 2516 et
580 2444 693 2516 licere
709 2443 825 2533 mihi,
852 2445 883 2517 si
903 2448 995 2544 quid
1018 2447 1069 2519 ins

42 2568 145 2639 meis
167 2563 340 2665 epistolis
361 2559 547 2635 eddium
586 2576 651 2639 aut
681 2575 868 2634 mutatum
895 2565 1057 2656 vellem3

60 2682 155 2779 qnod
176 2687 218 2754 in
248 2681 325 2754 suis
352 2676 440 2752 fecit
464 2681 571 2778 ipse,
599 2676 820 2776 significare.
843 2680 1058 2754 Parendum

60 2799 152 2870 euim
187 2798 391 2896 imperanti
413 2796 615 2896 rescripsi:
643 2819 689 2868 eo
714 2810 842 2869 autern
870 2799 989 2894 magis
1010 2797 1058 2871 ab
1136 2785 1138 2791 ⁸

60 2916 232 2990 omuibus
248 2915 483 2989 intellectum
497 2912 563 3002 iri,
589 2935 668 2989 non
685 2935 765 2986 esse
784 2939 806 2984 a
819 2937 883 2986 me
901 2913 1059 3014 scriptun
1160 2915 1170 3023 J

60 3034 155 3120 illas,
174 3051 219 3108 ut
234 3035 500 3134 vulgarentur,
517 3034 547 3106 si
564 3037 632 3122 ita,
650 3031 768 3108 ntiex
786 3047 958 3133 tempore
970 3033 1060 3110 fusae

60 3168 179 3243 erant,
204 3150 417 3252 prodirent.
442 3151 520 3223 Nec
537 3150 632 3222 tanti
649 3171 738 3228 sane
754 3165 862 3223 erant
884 3175 967 3251 quae
992 3154 1059 3227 ad-

58 3269 231 3364 jicerem3
248 3269 375 3367 aliqua
396 3284 505 3342 erent
524 3285 671 3370 tumen,
697 3291 781 3365 quoe
796 3268 866 3340 tibi
882 3295 987 3345 nuuc
1000 3273 1060 3344 in-

59 3386 209 3473 dicabo,
236 3411 314 3459 uon
337 3400 381 3458 ut
406 3385 639 3484 postliminio
660 3388 956 3464 controversiam
982 3391 1059 3461 ins·

59 3518 223 3594 taurem,
252 3529 378 3604 neque
397 3503 586 3604 vulgatam
613 3505 834 3602 opinionem
859 3528 931 3602 pro
959 3523 1088 3580 certa·

60 3607 237 3711 statuam3
257 3621 387 3713 sedne
415 3617 511 3694 forte
532 3647 615 3720 quae
637 3646 708 3728 pro
729 3622 799 3694 hac
823 3639 888 3694 aut
919 3615 1060 3696 'confir-

58 3839 326 3860 ——nu-n-nn

97 3995 139 4076 (1)
160 3997 304 4056 Giornole
317 3998 362 4057 de'
377 4000 452 4056 Lett.
466 3998 580 4071 durat,
595 4009 667 4056 tom.
685 3997 738 4069 33,
752 4015 782 4073 p.
800 4015 832 4070 α,
846 4005 901 4058 art.
917 3997 951 4070 8,
963 3996 997 4058 iu
1009 3995 1060 4058 fur.

853 4095 916 4168 23*
