2858 4660
255 395 327 488 ΜΘ
421 415 469 467 ιιι
494 410 641 468 suerrus
664 418 709 464 ιιι
734 417 858 468 crusis
882 415 1094 470 nonnosum

260 619 265 640 ,
302 539 335 622 lp
350 525 701 624 Adiconrulsionem
718 521 961 606 transeirmus.
974 537 1069 606 Nam
1079 531 1262 636 epilepsis

253 649 410 752 quidem
427 673 506 742 esse
520 647 653 745 nequit
670 648 754 722 sine
765 649 1030 740 convulsione,
1044 667 1083 724 at
1103 655 1265 726 convul-

256 773 311 848 sio
328 768 527 866 saepissime
544 766 699 840 estsine
714 761 911 866 epilepsia,
930 769 1085 842 velutin
1098 793 1146 842 eo
1165 795 1263 869 quo·

258 913 333 988 que
343 883 413 958 fuit
424 884 550 980 ,cujus
561 882 632 956 tibi
644 883 838 956 historiam
852 887 1036 959 continuo
1050 885 1262 986 subjiciam.

309 1003 341 1078 51.
361 1001 571 1074 Foricarius
585 1020 791 1091 annorum,
812 1017 855 1074 ut
879 1003 1096 1094 videbatur,
1113 1007 1269 1078 circiter

260 1122 558 1223 quinquaginta,
582 1119 787 1204 robustum
826 1119 921 1192 boni
949 1121 1113 1214 coloris,
1150 1139 1269 1221 utque

237 1272 240 1278 ¹
259 1240 431 1329 habitus,
457 1239 517 1314 vel
535 1239 660 1336 potius
677 1237 932 1336 plethoricus,
951 1238 1085 1328 bibax,
1111 1255 1149 1312 et
1171 1262 1270 1340 saepe

262 1359 407 1446 ebrius,
444 1357 654 1428 nosocomii
687 1357 841 1442 latrinas
876 1358 1102 1456 intempesta
1131 1374 1271 1449 nocte,

262 1491 306 1550 ut
325 1475 465 1572 solent,
483 1477 559 1546 suis
574 1497 662 1546 cum
672 1474 854 1548 ministris
864 1475 1105 1574 expurgabat.
1121 1477 1274 1569 Quibus

263 1592 492 1681 identidem,
511 1607 553 1663 ut
565 1615 608 1664 ea
623 1589 778 1666 sordida
793 1615 852 1664 ars
864 1593 1158 1690 requirit,ultro
1175 1594 1273 1665 citro

266 1735 341 1810 que
363 1708 681 1796 commeantibus,
714 1730 801 1780 curn
815 1707 920 1809 xforte
944 1709 1007 1782 ille
1030 1710 1133 1784 solus
1156 1727 1276 1796 esset,

267 1830 315 1902 de
352 1829 558 1928 improviso
599 1841 815 1925 spectrum,
848 1825 951 1900 albis
971 1826 1147 1900 indutum
1168 1883 1178 1918 ,
1201 1828 1275 1902 siut

266 1947 396 2020 videre
420 1948 520 2022 visus
543 1959 620 2034 est,
644 1960 682 2018 ot
704 1945 808 2016 illico
829 1960 913 2016 toto
942 1946 1101 2044 corpore
1127 1961 1277 2020 contre·

267 2068 449 2154 miscens,
478 2063 665 2160 simulque
700 2063 778 2136 oris
802 2061 1028 2138 distortione
1042 2079 1199 2162 captus,
1220 2067 1277 2137 sie
1327 2072 1330 2087 “

268 2183 317 2258 ab
338 2179 583 2264 redeuntibus
609 2172 792 2254 ministris
812 2195 1003 2279 repertus,
1025 2197 1064 2252 et
1087 2181 1135 2254 ad
1153 2181 1279 2254 lectu·

268 2301 349 2374 lum
379 2297 585 2397 perductus
605 2295 701 2371 ,fuit
739 2297 845 2370 Datis
876 2299 1063 2370 commun
1094 2299 1279 2398 antispas-

270 2415 450 2506 modicis,
491 2429 529 2486 et
566 2412 776 2504 cardiacis,
809 2437 896 2489 cunr
927 2417 1160 2490 remisissent
1201 2433 1280 2490 tne-

271 2557 421 2624 mores,
456 2531 630 2635 viresque
661 2529 841 2630 pulsibus
867 2531 1093 2622 rediissent,
1126 2537 1284 2632 sanguis

271 2651 403 2728 eadem
420 2667 534 2736 noete
552 2675 580 2722 e
592 2649 828 2724 brachione
843 2649 1017 2724 selibram
1047 2653 1184 2724 missus
1211 2669 1279 2724 est.

273 2775 385 2856 Mene
418 2785 543 2842 autem
568 2769 804 2870 tantumdem
829 2793 873 2840 ex
895 2768 1015 2841 alteru
1037 2767 1197 2841 brachio
1213 2770 1283 2842 de·

177 2887 179 2891 ’
274 2903 437 2960 tractum
462 2902 534 2977 est,
560 2908 647 2958 cunr
670 2902 729 2960 tre
795 2911 856 2958 res
874 2887 955 2983 jam
978 2888 1099 2984 magis
1120 2889 1286 2960 remisis-
1362 2963 1366 2970 ,

150 3069 154 3077 .
276 3021 381 3093 sent,
402 3019 439 3076 et
456 3006 629 3104 expansi,
648 3001 745 3078 febri
799 3029 877 3103 que
896 3019 1020 3078 essent
1037 3003 1177 3104 pulsus.
1207 3003 1286 3076 Sed

270 3111 315 3206 ⁴et
330 3121 514 3218 postridie
539 3145 634 3219 uena
666 3123 723 3196 in
732 3121 828 3222 pede
862 3135 961 3194 secta
990 3135 1068 3209 est,
1096 3121 1287 3194 terentino

278 3239 428 3338 alique,
459 3237 525 3316 sed
545 3215 675 3329 brevi,
702 3265 722 3312 a
749 3240 905 3344 singulis
928 3261 1037 3312 venre
1052 3238 1285 3312 sectionibus

274 3357 420 3451 relatu,
460 3348 641 3490 sanguine
669 3373 816 3448 amem,
846 3356 1051 3456 praesertim
1079 3358 1118 3427 in
1120 3357 1285 3478 prima,

183 3472 185 3481 ’
279 3498 476 3574 spumoso,
506 3477 760 3574 pernigroque
791 3489 974 3562 exeunte,
1004 3463 1125 3570 cujus
1143 3497 1285 3546 cressa-

279 3608 450 3665 mentum
464 3590 535 3664 furt
553 3593 834 3679 duriusculum,
855 3615 983 3664 serum
1002 3615 1178 3689 paucum.
1205 3596 1286 3664 Per·

280 3709 400 3782 stabat
416 3709 547 3800 l'ebriS,
563 3726 600 3782 et
619 3733 690 3808 pro
704 3710 862 3782 clonicis
877 3710 953 3806 jam
966 3701 1110 3782 'tonicae
1128 3707 1285 3782 convul-

281 3829 404 3900 siones
428 3827 586 3900 subinde
607 3841 687 3900 toto
716 3825 1159 3926 corpore‚'vehementer
1179 3849 1285 3924 urge·
1352 3808 1363 3830 ⁸

280 3941 382 4016 bant.
416 3947 539 4042 Loqui
570 3944 687 4018 homo
717 3959 1076 4044 competensque
1101 3945 1283 4043 intellige·
