2824 4652
291 372 362 452 586
454 397 501 446 nr,
527 397 672 450 sarrire
696 399 741 448 rr
765 393 891 450 crusis
915 399 1129 452 norinorum

290 511 436 592 diorem
456 511 559 600 lieri,
579 528 615 584 et
642 537 721 584 non
741 524 850 586 err-en
869 513 989 586 solum
1014 521 1124 613 parte
1146 537 1300 590 exeres-

292 629 433 704 centias
451 643 624 727 prostatae
641 630 828 727 incipere,
850 629 991 701 ibidem
1009 646 1213 705 ostensum
1234 647 1300 704 est
1392 671 1393 730 3

288 751 399 832 Ineo
419 761 544 819 autem
565 771 644 856 non
671 748 799 818 minus
810 745 1091 845 discrepamus,
1110 748 1221 846 quod
1234 751 1302 820 ista

280 865 400 936 uvula
419 863 673 941 excrescendo
689 863 796 937 sedes
814 863 939 936 morbi
958 865 1005 937 sit
1024 862 1300 962 frequentioris
1392 871 1393 884 '

287 981 463 1084 quidem,
478 981 549 1054 sed¹
563 981 841 1080 ignoratissimi.
856 983 942 1058 Non
956 1003 1063 1055 rarus
1078 998 1138 1056 est
1151 983 1300 1080 utique,
1392 989 1393 1016 ³

289 1099 499 1202 terranea
517 1121 596 1180 nen
610 1099 660 1168 ita
675 1095 875 1194 frequens,
889 1113 933 1170 ut
946 1101 1100 1180 tametsi
1115 1098 1301 1172 detritus

288 1216 362 1290 illis
370 1215 476 1314 agris
493 1213 696 1300 secundus,
715 1217 780 1312 qui
797 1229 1085 1312 persenexerat,
1109 1216 1299 1288 amedieis
1392 1247 1393 1260 ¹

289 1357 369 1416 non
384 1332 490 1408 aliter
503 1345 741 1420 tractaretur,
756 1333 912 1430 quamsi
927 1333 1056 1406 vesicae
1064 1334 1235 1432 paralysi
1250 1334 1300 1405 la·

251 1529 254 1536 ,
288 1447 1300 1546 boraret,cuinempeeausaetribuiturismorbusseni·
1392 1437 1393 1502 Ϊ

289 1563 1299 1665 ΒυεμάεοωιηιιιυῃίῆΡτορῐθτεαςοηεθςυειῑυτ,ιιοιι
1392 1547 1393 1606 3

292 1705 550 1784 saepequoque
567 1697 631 1756 aut
639 1683 800 1784 paralysi
819 1684 1019 1768 autsaltem
1034 1683 1243 1758 infirmatis
1254 1684 1300 1757 ub

293 1815 437 1874 aetatem
453 1800 727 1900 expellentibus
742 1802 872 1874 vesicoe
888 1801 1119 1874 viribusesse
1130 1801 1300 1874 tribuen-

296 1919 407 2010 dum;
422 1935 552 1998 etsane
568 1919 683 1992 sihaec
696 1920 825 2016 ignota
841 1919 1045 2007 hactenus,
1062 1934 1106 1990 ut
1122 1919 1301 2008 creditur,

296 2033 715 2135 causairequentissirna
727 2038 973 2128 esseemihrari
990 2051 1202 2135 oporteret,
1215 2062 1300 2136 quo·

294 2154 515 2232 modointer
535 2156 761 2232 examinatas
776 2155 856 2236 illas
872 2154 1149 2252 sexaginta,aut
1159 2170 1300 2252 septua-

297 2274 399 2372 ginta
410 2273 549 2346 vesicas
570 2297 650 2346 non
665 2274 737 2351 nisi
755 2297 805 2346 eae
824 2288 900 2346 tres
908 2271 1084 2358 fuissent,
1104 2274 1146 2342 in
1165 2271 1301 2370 quibus

295 2390 375 2462 haec
393 2390 618 2467 occurrisset
635 2414 755 2468 causa.
767 2391 841 2486 Qui
852 2415 941 2462 vero
955 2387 1028 2460 dici
1043 2389 1177 2462 eadem
1186 2391 1302 2488 possit

294 2508 478 2588 hactenus
489 2508 778 2605 ignoratissima,
794 2529 864 2606 ego
877 2506 1030 2604 quidem
1048 2509 1201 2606 assequi
1222 2533 1298 2580 nou

293 2627 421 2700 valeo:
448 2649 519 2698 nec
540 2625 663 2698 solum
680 2640 837 2723 propter
857 2625 921 2700 illa
938 2625 1012 2696 hoc
1036 2625 1122 2697 dieo
1141 2651 1229 2724 quae
1247 2641 1300 2698 tot

295 2743 343 2816 ab
357 2745 436 2816 aliis
450 2745 529 2840 jam
546 2743 695 2841 vulgata
713 2742 882 2840 exempla
892 2741 1055 2830 'urdicavi
1069 2743 1148 2839 (1);
1165 2767 1298 2816 verum

296 2862 346 2934 ob
367 2862 406 2934 iil
433 2862 616 2950 maxime,
643 2859 748 2959 quod
772 2859 867 2932 illud
892 2859 1036 2933 dictum
1059 2861 1197 2962 situbi
1224 2862 1299 2934 haec

294 2978 501 3078 ipsaverba
515 3003 603 3050 mox
616 2975 861 3076 proferuntur
868 2979 1059 3050 Santorini
1071 2975 1298 3074 (2),.vesicae

261 3097 485 3185 flosculum,
518 3101 579 3168 eui
605 3094 863 3194 prominulam
897 3120 1033 3194 corpus
1061 3097 1300 3192 praefigr'tur,

205 3205 207 3209 ’
297 3211 403 3312 quod
413 3210 603 3287 inaffectis
615 3214 747 3284 vesicis
755 3213 1006 3312 sicprominet
1020 3211 1247 3309 aliquando,
1264 3228 1301 3283 ut

297 3335 505 3412 urinm'ter
515 3354 675 3428 prorsus
690 3329 923 3402 intercludat.
955 3334 1000 3402 Et
1018 3331 1058 3400 in
1076 3326 1202 3428 figura
1218 3336 1299 3428 qui·
1392 3393 1393 3428 ἶ

296 3449 383 3522 dem
399 3450 506 3544 cujus
518 3447 744 3546 explicandae
763 3471 872 3520 eausa
888 3447 966 3518 haec
982 3448 1188 3545 scripserat
1209 3451 1299 3520 San·
1392 3435 1393 3442 ἵ

294 3567 461 3655 torinna,
488 3563 586 3638 bene
617 3551 838 3662 trigenum,
857 3564 954 3638 bene
975 3564 1090 3638 uvula
1125 3589 1298 3662 expressa

415 3759 417 3762 .
1270 3753 1277 3786 Ι

335 3873 378 3950 (ι)
399 3876 492 3950 Epist.
506 3883 558 3944 lsr,
571 3892 602 3928 n.
616 3891 663 3943 η,
681 3891 723 3944 17,
740 3892 782 3948 19.
885 3901 888 3904 ·

333 3971 378 4052 (a)
398 3973 471 4031 Ohs.
488 3984 566 4029 anat.
582 3972 614 4028 in
630 3971 735 4048 explic.
754 3973 814 4029 tab.
833 3991 865 4045 a,
882 3969 932 4049 fig.
947 3990 979 4030 a.
992 3972 1031 4032 au
1042 3973 1068 4030 1.
1145 4001 1147 4008 v
