2782 4652
66 435 139 483 cir.
149 434 187 480 v.
200 429 573 513 onnonrrmsantm.
585 428 978 495 ceremonensem.
1006 411 1073 498 ΔΙμ

66 549 108 618 in
128 545 252 622 nobili
281 546 383 634 viro,
405 547 493 643 qui,
512 559 555 618 ut
578 545 753 642 Brogiani
773 538 993 632 sacerddss
981 546 1079 617 mvi-

67 680 199 740 sentes
218 662 392 764 rogabat,
410 678 453 734 ut
467 647 617 761 longius
641 662 886 750 absisterent,
908 680 959 740 ne
975 665 1077 783 ipsos

67 782 291 880 morderet,
311 806 362 854 sic
376 779 605 854 confirmans
623 806 705 878 quae
722 806 801 852 non
825 805 924 852 unus
939 807 984 852 ex
1003 806 1079 852 me·

67 900 167 972 dicis
210 865 481 988 admonuerat,
519 923 599 972 non
634 923 767 972 omnes
802 898 1078 996 hydrophobos

68 1017 244 1090 delirare.
263 1017 341 1090 Sed
359 1033 396 1091 et
409 1018 589 1116 pleraque
603 1043 648 1089 ex
668 1017 841 1090 indicatis
855 1018 1035 1116 exemplis
1046 1015 1079 1089 si

68 1117 472 1236 inspicere-volueris,
491 1135 647 1234 insuper
678 1159 883 1233 cognosces
902 1134 1079 1208 accidisse

68 1277 151 1324 non
175 1253 315 1342 semel,
324 1268 367 1324 ut
381 1277 493 1325 nemo
505 1266 632 1351 posset
647 1276 669 1322 a
686 1267 831 1325 terrore
850 1269 979 1324 natum
997 1276 1077 1325 esse

68 1369 254 1442 morbum
279 1370 528 1459 contendere,
551 1384 594 1441 ut
614 1369 680 1466 qui
695 1371 845 1468 ignaros
864 1368 975 1442 felem
999 1392 1078 1442 esse

68 1487 247 1561 rabidam
272 1513 355 1584 quae
382 1488 484 1586 ipsos
499 1489 704 1575 invaserat,
723 1487 849 1560 multis
867 1503 953 1585 post
973 1512 1079 1560 men-

71 1606 179 1678 sibus
197 1605 466 1704 prehenderit,
492 1621 534 1677 ut
550 1607 589 1676 in
617 1605 829 1704 Stalpartii,
863 1619 900 1678 et
928 1604 1080 1678 Hildani

74 1722 416 1808 observationibus.
445 1724 547 1816 Quin
569 1723 689 1821 ignari
712 1724 867 1820 quoque
888 1721 998 1795 fnisse
1024 1722 1080 1792 vi-

72 1840 218 1914 dentur
228 1842 299 1910 viri
318 1840 417 1928 duo,
434 1837 481 1912 ab
497 1825 728 1929 Lindernio,
744 1855 781 1932 et
793 1841 980 1938 Brogiano
1000 1863 1082 1910 me·

73 1959 238 2046 morati,
258 1956 447 2030 secundus
466 1960 672 2056 prasertim
684 1954 1083 2056 ,quippe'a-fclequam

73 2073 331 2172 percutiebat,
351 2072 568 2164 demorsus;
587 2090 628 2145 nt
645 2074 700 2146 ira
715 2075 860 2173 potina,
880 2095 993 2172 quam
1025 2097 1083 2143 ra·

75 2190 160 2280 bie,
180 2191 503 2290 quemadmodum
521 2193 561 2264 in
583 2217 669 2264 casu
690 2217 711 2262 a
732 2216 792 2262 me
810 2193 979 2290 exposito
1007 2190 1085 2288 (ι),

77 2311 230 2409 concita
249 2305 361 2382 fuisse
384 2310 585 2390 videretur.
605 2309 662 2381 Ad
683 2309 857 2382 eumdem
878 2325 1005 2384 autem
1024 2331 1085 2379 ca·

76 2450 163 2499 sum
196 2427 464 2523 ¹quadantenus
492 2427 531 2498 id
563 2427 864 2526 perti-net.‘quod
890 2429 930 2498 in
959 2418 1087 2498 Scara·
1148 2460 1150 2468 a

76 2545 220 2615 muccii
228 2541 447 2641 presbytero
460 2533 716 2634 accidebat,ut
729 2539 893 2616 faucium
903 2545 1085 2642 angustia,

77 2647 206 2757 a'qua
233 2659 308 2730 cito
330 2675 515 2748 evaserat,
537 2662 678 2734 rediret
702 2661 938 2760 permultos
967 2682 1088 2731 annos

81 2775 218 2846 eodem
248 2780 343 2846 anni
366 2791 531 2874 tempore
558 2803 636 2876 quo
665 2775 823 2850 fuerata
855 2776 985 2849 rabida
1009 2775 1088 2848 ¹fele

80 2893 300 2990 impetitus,
321 2892 1087 2993 soladenuum1mpress10nerenctasine

82 3010 179 3082 cutis
207 3009 444 3099 laceratione.
479 3010 552 3084 Sed
581 3014 743 3087 attinent
771 3013 889 3112 magis
917 3011 994 3084 duo
1018 3011 1089 3084 alia

83 3127 246 3198 auctoris
256 3127 431 3223 ejusdem
447 3129 626 3227 exempla.
643 3129 816 3202 Scilicet
807 3157 847 3200 m
863 3129 1020 3220 femina,
1038 3123 1089 3204 de

85 3267 183 3339 qua,
203 3259 240 3316 et
256 3243 303 3316 de
316 3245 396 3318 aliis
415 3244 599 3320 similibus
620 3248 785 3346 Epistola
805 3248 946 3348 V111(2
949 3247 1091 3344 )nimis

84 3383 212 3456 presse
232 3362 415 3453 indicavi,
450 3365 575 3462 prima
603 3365 877 3483 hydrophobiae
913 3367 1032 3464 signa
1048 3389 1090 3436 se

86 3477 354 3574 prodiderunt,
380 3506 465 3552 cum
492 3482 717 3556 avulnere
704 3509 780 3580 Jam
804 3482 958 3554 occluso
981 3485 1092 3579 quasi
1199 3567 1204 3587 „

87 3593 235 3666 radium
256 3595 422 3695 ,alr'quem
448 3601 739 3698 inflammatorio
769 3623 878 3674 sensu
898 3622 971 3696 per
989 3598 1090 3669 'bra-
1118 3585 1120 3592 ¹

86 3769 1091 3808 w

127 3875 173 3955 (¹)
193 3879 230 3934 N·
256 3888 301 3948 14·

129 3974 172 4054 (²)
193 3977 231 4036 N·
255 3997 302 4038 ²1·
