2858 4658
153 543 158 556 .
252 481 274 556 8
409 505 456 552 nr
482 467 627 554 sturnus
653 503 696 552 nr
722 503 845 553 clusis
872 503 1082 554 morionum
1186 515 1190 525 ·

249 618 377 691 dicant
394 645 414 690 a
431 617 606 690 Velschio
631 619 691 716 (a)
705 633 1021 706 commemoratae,
1042 617 1252 695 iocundum

207 733 212 752 '
250 763 343 836 quas
385 739 534 809 eirenes
565 737 791 808 testudinum
827 739 969 834 effigies
1006 753 1254 834 reprensenta-

249 871 354 944 runt‚
381 871 458 926 tum
489 857 692 952 priesertim
723 855 937 926 Ettmulleri
962 855 1026 942 illa
1052 855 1261 926 confirmat·

250 975 423 1045 ciconum
441 972 653 1044 observatio
669 998 753 1070 quae
770 974 902 1070 Lipsiae
919 975 947 1042 Ι.
970 977 1093 1042 Actor.
1108 972 1252 1047 Erudit.

248 1092 441 1162 volumine
459 1091 514 1189 (a)
528 1093 740 1189 proposita,
755 1105 1006 1188 praeterquam
1026 1089 1120 1162 alios
1138 1091 1258 1160 nomi

248 1225 313 1280 nat
334 1211 400 1306 qui
423 1211 528 1306 prius
545 1209 731 1294 viderint,
759 1208 983 1279 animalcula
999 1210 1078 1307 ipea
1091 1208 1263 1281 ’sicdeem

249 1328 369 1424 cripta
394 1326 565 1414 exhibet,
595 1342 632 1398 et
660 1325 866 1415 delineata,
895 1341 938 1397 ut
967 1327 1188 1425 descripti0‚
1217 1341 1258 1398 et·

246 1444 395 1544 pictura
417 1443 661 1546 perfectiores
687 1445 842 1541 quidem
872 1446 1001 1542 paucis
1025 1460 1112 1541 post
1146 1445 1257 1516 annis

247 1561 356 1632 reddi
382 1565 595 1659 potuerint,
614 1561 680 1634 sed
700 1577 879 1659 tanquam
908 1563 1189 1660 novae'prorsus
1213 1565 1253 1633 in

246 1678 414 1752 medinm
433 1678 596 1776 proferri
618 1705 696 1750 non
717 1681 920 1778 potuerint.
936 1683 1145 1752 Potuerunt
1164 1705 1256 1778 quo-

246 1819 322 1893 que
354 1797 541 1893 praeclaris
574 1798 888 1896 explicationibus
932 1798 1039 1896 plura
1074 1797 1255 1876 illustrari

246 1938 329 2010 quae
348 1913 394 1983 ad
420 1913 560 1987 scabiei
577 1917 785 2016 originem,
812 1915 1181 2013 multiplicationem,
1200 1914 1254 1986 la-

245 2030 429 2128 cilemque
442 2040 605 2130 tum'per
624 2049 839 2104 contactum
849 2034 1256 2121 communicationem,

177 2227 178 2235 χ
245 2163 325 2221 tum
341 2172 410 2244 per
428 2165 547 2238 certa,
571 2153 734 2222 ext-erius
751 2150 937 2239 adhibita,
959 2151 1125 2224 remedia
1145 2177 1256 2222 curan

242 2267 413 2355 tionem,
434 2267 481 2338 ad
500 2269 647 2364 aliaque
665 2271 826 2360 attinent
843 2268 889 2340 de
908 2267 981 2339 hoc
1001 2293 1147 2366 genere.
1181 2260 1254 2338 Sed

243 2384 335 2455 dum
371 2387 516 2456 curatio
551 2387 620 2458 ista
647 2389 833 2476 exterior,
873 2388 1055 2466 interiore
1097 2387 1253 2474 omissa,

230 2501 551 2614 (commendatur,
580 2503 730 2576 videtur
750 2504 808 2576 bis
819 2505 999 2576 doctis
966 2504 1055 2576 viris
1073 2503 1172 2576 idem
1193 2529 1255 2574 acu

160 2619 374 2696 cidisse
405 2621 509 2717 quod
535 2621 757 2694 Helmontio
785 2623 839 2720 (3)
862 2623 966 2694 illam
1001 2624 1143 2751 pariter
1171 2622 1253 2692 lau

241 2737 363 2826 danti,
394 2737 493 2810 hanc
521 2739 778 2836 improbanti..
799 2740 1037 2819 Helmontius
1060 2739 1161 2808 enim
1185 2741 1254 2812 etsi

239 2856 558 2954 practerscabiem
582 2856 629 2928 ab
649 2871 806 2944 attactu,
834 2881 916 2928 eam
936 2875 1091 2951 quoque
1117 2869 1253 2952 ‘ug-nos«

239 2987 341 3042 cerat
367 2997 449 3068 quae
485 2989 619 3070 sponte
649 2974 812 3044 oriretur
836 2974 914 3070 (4);
951 2987 1076 3043 tamen
1115 2974 1253 3045 utrius=

239 3113 314 3184 que
331 3103 376 3180 ut
391 3089 561 3159 camdem
586 3089 780 3178 indolem,
801 3090 970 3163 sieidem
994 3113 1146 3172 semen,
1173 3092 1251 3166 si-ve
1282 3103 1285 3112 '

134 3257 139 3267 ,
238 3203 467 3276 lermentum
498 3208 539 3276 in
562 3224 647 3280 cute
666 3208 849 3281 duntaxat
868 3208 1065 3281 statuebat.
1101 3214 1148 3279 ln
1175 3233 1257 3305 qua
1345 3209 1350 3215 ’

238 3345 314 3396 una
344 3336 450 3393 tanto
483 3325 601 3421 magis
632 3325 673 3396 bi
709 3324 851 3399 haerere
882 3326 1059 3402 morbum
1094 3351 1249 3398 omnem

221 3422 497 3527 'constituunm
533 3443 637 3546 quod
666 3445 706 3513 in
737 3443 801 3522 illa
825 3472 902 3524 una
931 3447 1000 3521 ista
1025 3443 1251 3542 nidulantur

292 3745 467 3808 1-Excrcit.
484 3750 534 3812 cit
550 3769 575 3806 c
587 3771 615 3822 7

287 3848 396 3911 am
415 3848 505 3919 1682,
521 3871 560 3909 m.
580 3854 741 3926 septembr.

338 3949 380 4008 Tr
381 3959 438 4003 aot
455 3948 506 4019 45,
522 3950 668 4032 inscripto
680 3949 792 4014 scabies
805 3959 833 4008 et
847 3959 912 4012 cett
