2746 4662
97 460 942 533 nn.1v.·nnnona1sennuac.,etc.nrrsruvr.
972 471 1041 548 roy

49 585 133 656 nimi
154 582 265 679 digiti
299 596 509 678 aequantem
530 582 573 654 in
593 599 764 654 sternum
796 571 1045 676 immittebat,

47 700 182 796 reliqua
203 715 330 772 autern
349 724 393 770 ex
406 715 511 796 parte
523 714 742 772 contracum
761 753 770 788 ‚
789 702 842 772 eie
862 716 989 774 nmen
1003 718 1047 776 ut

47 815 276 890 latitudinem
294 818 474 890 retineret
500 842 582 889 non
605 841 648 890 ea
675 819 865 896 induerem
894 843 980 915 quae
1006 821 1048 894 in

47 934 154 1029 prima
167 933 327 1008 dextera
347 949 449 1007 costa
468 949 567 1020 erat,
592 933 819 1032 medicoque
840 938 965 1032 -spatio
987 937 1046 1007 in·

48 1066 97 1122 ter
109 1075 165 1139 se,
183 1066 225 1126 et
242 1053 400 1126 teretem
412 1051 515 1126 ittam
531 1053 790 1149 cartilaginem
806 1052 957 1142 relicto,
979 1078 1049 1150 per

49 1169 299 1267 cartilaginem
331 1170 495 1242 :alteram
539 1171 733 1268 propriam
787 1195 876 1244 cunr
919 1186 1047 1244 sterno

50 1287 363 1360 committebatur,
377 1292 422 1362 In
441 1289 653 1386 perieardio
667 1313 772 1386 aquae
782 1289 891 1387 copia
906 1288 1044 1387 aliqua.

50 1407 198 1476 Dextera
220 1404 350 1477 cordis
375 1405 541 1478 auricula
570 1407 750 1503 sanguine
770 1405 943 1478 distenta.
971 1411 1048 1480 Gor

49 1521 157 1617 ipsum
170 1522 230 1596 vel
249 1521 482 1621 pinguedine
496 1547 572 1619 qua
592 1523 848 1596 instruebatur
860 1579 869 1612 ,
879 1524 1046 1602 detracta

50 1662 143 1734 aquo
155 1641 282 1712 multo
299 1641 440 1736 majus3
457 1665 527 1711 nec
545 1639 667 1712 solum
688 1639 737 1712 ob
749 1641 901 1713 latiores
910 1644 1045 1724 ventri·

51 1755 155 1844 culos,
175 1757 372 1830 sinistrum
389 1759 612 1854 prasertim,
636 1756 703 1828 sed
725 1759 839 1831 etiam
856 1757 908 1828 ob
923 1761 1045 1832 multo

55 1875 237 1946 crassiores
263 1873 378 1970 hujus
408 1875 579 1972 parietes.
614 1868 777 1948 ¹Alterius
800 1875 952 1947 valvulae
975 1875 1047 1946 mi·

55 1989 144 2064 tralis
159 2015 248 2088 pars
269 2005 347 2064 emt
364 2015 468 2064 ossea
485 1987 599 2073 tacta,
630 2005 695 2062 aut
710 2007 810 2063 certe
841 1991 1046 2064 ossiculum

58 2105 258 2184 subnexum
280 2107 462 2196 habebat,
492 2109 600 2205 quasi
620 2133 665 2180 ex
686 2108 860 2207 pluribus
886 2105 1047 2198 factum,
1144 2151 1146 2160 =

57 2247 161 2322 eoque
202 2225 408 2324 inaequale,
444 2225 751 2316 subrutundum,
786 2227 1047 2326 magnitudine

58 2337 156 2416 ferme
185 2369 338 2442 aequans
368 2345 512 2442 apicem
538 2345 687 2416 minimi
712 2345 827 2444 digiti.
846 2340 850 2356 ‘
867 2353 910 2418 In
931 2345 1046 2418 corde

60 2459 230 2558 polyposae
243 2461 377 2559 aliquae
392 2465 677 2551 concretiones,
701 2477 740 2534 et
759 2463 947 2559 plurimus
960 2487 1047 2535 san-

60 2577 125 2671 guis
137 2595 235 2670 ater,
254 2581 395 2677 qualis,
417 2579 481 2652 sed
500 2579 669 2668 fluidior‚
688 2581 824 2677 passim
839 2605 861 2651 e
877 2580 1048 2652 dissectis

60 2697 246 2792 majoribus
265 2701 371 2772 venis
385 2697 573 2773 effluebat.
595 2699 932 2797 Femorisdenique
949 2701 1048 2770 clau*-
1135 2721 1137 2727 ⁸
1162 2797 1164 2802 y

62 2809 198 2890 dicantis
217 2843 432 2916 supremam
450 2819 669 2914 juncturam
693 2818 913 2916 inspiciens,
929 2833 1049 2906 teres,

62 2932 172 3026 saepius
190 2950 466 3024 memoratum,
488 2937 528 3007 in
564 2960 607 3008 ea
630 2934 877 3034 ligamentum
908 2933 1050 3006 offendi

62 3046 169 3122 uinus
194 3073 383 3141 crassum,
408 3067 446 3124 et
467 3050 640 3141 firmum,
664 3077 780 3152 quam
806 3077 957 3149 aequum
979 3053 1046 3139 sit,

65 3157 247 3266 luridaque
266 3167 453 3242 rubedine
464 3166 646 3275 infectum
661 3195 759 3267 pene
778 3185 910 3242 totum.

105 3282 152 3352 18.
172 3291 276 3360 Anus
290 3288 408 3360 altera
427 3286 476 3360 ab
493 3304 596 3360 aetate
606 3289 684 3384 jam
700 3312 832 3377 curva,
849 3303 886 3358 et
905 3313 988 3384 quae
998 3287 1057 3378 ita

65 3393 219 3476 incedere
247 3405 392 3480 solebat
417 3408 525 3503 quasi
545 3406 791 3494 claudicaret,
815 3431 940 3504 nuper
972 3420 1051 3476 erat

66 3532 162 3591 noctu
185 3545 255 3618 per
286 3523 402 3595 scalas
438 3525 633 3622 prolapsa,
658 3519 846 3622 caputque
877 3524 1050 3594 alliserat.

72 3630 151 3706 Hine
163 3641 293 3712 mortis
303 3641 421 3714 cansa.
442 3645 536 3716 Cum
554 3669 575 3714 a
591 3641 702 3716 nobis
712 3641 853 3714 ibidem
864 3656 1053 3715 secaretur

69 3763 138 3821 aute
157 3777 314 3828 vernum
343 3775 491 3856 tempus
516 3761 605 3832 anni
631 3766 738 3858 1749,
762 3758 945 3831 nonnulla
964 3771 1052 3828 sunt
1159 3771 1161 3776 '

70 3867 215 3956 quaehuc
232 3889 418 3972 spectent,
432 3877 698 3950 animadversa.
708 3881 753 3946 In
764 3872 1054 3966 thoracemagni

72 4000 222 4060 vasorum
238 3994 362 4064 trunci
373 4009 478 4066 erant
491 3994 584 4066 adeo
598 4020 619 4066 a
632 3991 811 4082 sinistris;
832 4011 1055 4091 quanquam
