2746 4662
104 435 172 484 ur.
184 432 234 483 rr.
250 421 297 482 ur
311 413 448 482 uorem
459 425 660 498 curruum,
674 424 744 482 ete.
756 429 871 484 rrrsr.
886 417 957 484 ιη’.
988 413 1057 502 143

58 573 301 647 quocumque
321 546 436 620 modo
459 546 668 646 intelligere
698 548 867 637 coneris,
889 549 1061 648 per-diui·

60 667 144 739 eiles
158 665 302 738 habent
321 662 549 762 explicatus3
565 663 630 737 sed
648 689 699 738 an
708 665 788 738 sine
801 663 963 738 fractura
974 691 1060 742 ver-

60 783 247 856 tebrarum
260 781 374 866 fiant,
386 806 455 881 per
472 797 710 856 mortuorum
722 785 964 858 dissentiones
980 811 1061 860 esse

60 902 374 1000 demonstratum,
399 899 503 972 haud
523 903 609 974 satis
628 902 716 974 scio.
747 902 948 974 Historiam
969 903 1062 975 olim

61 1019 152 1118 legi,
165 1044 250 1117 quae
264 1044 286 1090 a
304 1017 450 1090 Bellino
460 1041 540 1090 esse
551 1015 764 1108 dicebatur,
780 1021 976 1092 structoris
995 1021 1061 1118 qui

62 1161 81 1208 e
95 1136 264 1210 tabulato
276 1159 479 1224 corruens,
493 1133 633 1208 lumbis
644 1135 849 1234 percussis,
865 1160 913 1208 an
926 1137 1061 1220 allisis,

61 1255 239 1326 continuo
257 1253 418 1353 pedibus
436 1254 574 1330 sentire
592 1253 688 1326 nihil
706 1256 839 1352 coepit,
860 1269 897 1326 et
910 1255 1060 1342 vesicae,

59 1372 201 1471 alvique
228 1387 465 1450 recrementa
491 1372 632 1444 inscius
658 1395 838 1469 egerere,
859 1386 974 1470 atque
989 1372 1059 1444 alia

60 1490 135 1586 pati
154 1512 236 1587 quae
251 1487 530 1562 deseribuntur.
547 1493 636 1561 Post
652 1486 896 1586 quatriduum
918 1489 1061 1562 mortui

60 1621 132 1680 tres
145 1608 359 1706 superiores
369 1605 589 1678 lumborum
602 1603 783 1678 vertebrae
799 1605 959 1678 inventae
972 1619 1061 1680 sunt

61 1723 149 1794 adeo
167 1724 313 1809 luxatae,
333 1737 377 1796 ut
396 1722 445 1794 ad
455 1739 715 1804 ,transversum
732 1720 892 1821 digitum
911 1724 951 1796 in
968 1748 1061 1798 ven·

58 1842 123 1912 tris
137 1863 228 1916 cavo
238 1841 514 1940 prominerent,
534 1839 700 1939 ideoque
712 1855 871 1938 magnos
881 1863 1059 1914 vasorum

63 1971 210 2032 truncos
232 1961 283 2032 ita
310 1961 626 2058 comprimerent,
647 1972 689 2030 ut
707 1958 905 2057 oppositos
925 1982 1060 2032 eorum

63 2077 215 2173 parietes
247 2075 292 2150 ad
315 2091 493 2150 mutuum
516 2097 635 2174 usque
658 2089 874 2148 contactum
896 2075 1060 2148 adduce·

62 2208 158 2283 rent,
180 2220 225 2270 ex
245 2219 322 2292 quo
346 2191 443 2266 illud
466 2194 716 2268 intercutem
736 2189 875 2282 fiebat,
896 2207 938 2265 ut
955 2217 1060 2266 venae

65 2331 188 2390 omnes
209 2311 258 2384 ab
284 2326 448 2408 utroque
471 2333 614 2382 summo
639 2308 736 2411 pede
755 2310 802 2382 ad
822 2311 1059 2384 ,luxationem

64 2453 265 2527 usquenon
275 2453 382 2502 secus
394 2427 1059 2526 sauguineessentturgidae,etdurae,

64 2565 100 2618 ae
108 2549 136 2620 si
143 2548 290 2647 pervim
300 2543 639 2622 fuissentiufarctae.
647 2543 1058 2634 Quisdevertebrarum

64 2661 243 2740 luxatione
258 2663 320 2736 hic
340 2661 514 2738 dubitet?
534 2662 606 2734 Sed
623 2685 714 2734 num
732 2662 788 2734 vis
804 2677 957 2734 externa
972 2687 1057 2760 quae

64 2781 410 2880 vincereiigameuta
421 2780 562 2878 potuit,
578 2779 658 2852 illas
671 2803 751 2850 non
763 2776 924 2876 fregerat
937 2779 952 2850 i
963 2779 1056 2852 num

65 2894 262 2998 frangendo
279 2923 359 2972 non
372 2898 497 2971 minus
510 2896 607 2972 forte
621 2896 758 3002 spinuli
766 2895 937 2970 medullae
958 2898 1058 2994 ejus·

64 3037 127 3110 que
142 3013 347 3114 appendici
371 3013 591 3094 detrimenti
621 3013 817 3103 attulerat,
843 3037 958 3112 quam
977 3017 1059 3114 ipsa

65 3127 219 3206 iuratio?
239 3135 296 3204 De
307 3132 485 3219 hisvero,
501 3131 541 3207 id
555 3147 611 3206 est
624 3131 670 3204 de
689 3133 868 3232 inspeetis
880 3136 1059 3208 attentius

63 3249 253 3340 vertebris,
265 3250 421 3348 ipsaque
434 3249 600 3323 medulla
617 3250 715 3325 iuter
729 3249 867 3322 toralia
881 3273 964 3346 quae
976 3249 1058 3324 desi

65 3360 269 3456 cribuniur,
282 3393 330 3440 ne
341 3366 503 3444 verbum
520 3365 687 3465 quidem.
703 3367 762 3439 Sic
772 3372 812 3438 in
820 3367 1058 3465 Sepulchreti

65 3480 149 3556 libro
158 3489 206 3560 IV
214 3483 229 3575 '‚
244 3486 411 3560 sectione
428 3485 583 3586 quidem
596 3489 649 3558 111
661 3485 716 3584 (r)
728 3484 942 3558 observatio
956 3501 1057 3560 extat

67 3601 418 3702 Fontani;(Panaroli
428 3603 1060 3701 euimobservatioquaeinseetione

98 3980 137 4062 (ι)
155 3986 227 4046 obs.
247 3986 303 4059 28,
324 3988 383 4056 Sr.
