2746 4662
612 385 618 413 Ι

287 471 356 522 100
451 473 498 520 ult
524 468 670 521 sumnus
693 467 738 517 ΕΤ
762 465 886 520 CAUSIS
911 467 1119 518 HORBORUM

278 584 416 676 nibus,
436 607 642 681 earumque
654 579 851 654 effectibus
871 581 960 654 alias
982 607 1004 654 a
1029 582 1141 655 nobis
1159 599 1287 658 actum

282 719 346 776 est.
362 700 475 796 Quod
486 725 576 771 vero
597 699 645 770 ad
659 697 894 784 acetabulum
916 714 1059 798 spectat
1071 725 1156 797 quo·
1168 699 1288 774 ferno-

281 822 333 892 ris
343 834 453 916 caput
465 815 736 915 excipiebatur,
750 839 828 886 non
843 815 978 888 dubito
992 819 1086 914 quin
1102 842 1216 915 supra
1230 823 1287 917 (1)

278 935 582 1011 commemoratis
599 933 643 1005 cl.
663 935 833 1004 virorum
852 933 1181 1008 observationibus
1196 962 1286 1010 cum

278 1053 350 1126 hac
374 1066 504 1123 nostra
520 1051 763 1148 comparatis,
784 1047 891 1124 facile
909 1075 1108 1149 agnoscas,
1130 1077 1286 1126 excava-

277 1186 357 1243 tum
368 1167 462 1239 illud
473 1165 584 1240 fuisse
601 1165 788 1239 afemoris
811 1170 932 1266 capite
943 1221 953 1257 ‚
964 1169 1056 1239 olim
1076 1184 1181 1242 extra
1197 1195 1286 1246 ace·

275 1285 450 1368 tabulam
463 1283 632 1356 naturale
643 1284 843 1383 prolapsu,
868 1285 977 1381 cujus
993 1285 1188 1358 etiamtum
1202 1313 1285 1362 ves-

273 1406 408 1502 tigium
426 1405 466 1474 in
482 1402 549 1474 illo
573 1403 739 1474 anterius
759 1403 959 1500 proximo,
989 1402 1188 1502 multoque
1211 1408 1284 1478 mi·

238 1572 240 1576 v
273 1523 360 1594 nori
384 1544 475 1593 cavo
492 1531 696 1618 supererat.
719 1518 830 1614 Quod
841 1521 943 1591 enim
958 1519 1198 1594 acetabulum
1211 1549 1282 1598 no·

272 1663 360 1711 vum
381 1639 507 1710 minus
526 1652 622 1710 esset
642 1634 898 1736 profundum,
925 1661 1039 1734 quam
1070 1641 1282 1714 secuudum

270 1770 582 1854 naturam,caput
607 1770 732 1827 autem
751 1753 904 1828 semoris
921 1779 943 1825 a
961 1753 1119 1853 globoso
1134 1756 1182 1828 ad
1200 1758 1283 1855 pla·

270 1899 364 1947 num
379 1889 565 1972 vergeret,
578 1899 623 1945 ex
640 1873 700 1945 his
712 1873 860 1946 indiciis
873 1875 959 1945 satis
969 1873 1165 1970 intelligis,
1184 1875 1280 1948 dum

269 2018 312 2066 os
333 2007 465 2066 contra
492 2017 535 2065 os
566 1993 642 2064 sive
671 1990 840 2089 pondere
871 1991 1172 2089 apprimeretur,
1189 1996 1279 2066 sive

267 2113 448 2210 agitatum
463 2109 643 2181 musculis
658 2123 801 2206 ageret,
827 2110 986 2180 alterum
1012 2107 1061 2180 ab
1080 2109 1200 2182 altero
1220 2111 1280 2181 vi-

269 2229 393 2302 cissim
417 2249 496 2299 esse
515 2225 716 2313 detritum,
736 2241 849 2323 atque
881 2226 1117 2324 depressum,
1144 2227 1278 2326 sicque

267 2358 485 2418 excavatum
500 2367 579 2415 esse
597 2341 856 2431 acetabulum,
875 2343 981 2441 quod
1000 2344 1030 2416 si
1042 2359 1176 2416 natura
1193 2346 1279 2444 ipsa

265 2475 452 2563 parasset,
465 2474 546 2532 tum
554 2457 780 2558 profundius
791 2513 801 2548 ,
813 2475 850 2531 et
864 2462 1119 2534 commissurae
1130 2464 1282 2536 ossium

265 2578 378 2680 pubis
394 2577 571 2678 propius,
593 2593 630 2650 et
655 2577 847 2674 alligatum
870 2577 1032 2667 babens,
1058 2603 1127 2676 per
1141 2580 1278 2654 vincu-

264 2699 344 2771 lum
374 2711 492 2786 teres,
518 2695 717 2794 globosum
744 2693 895 2768 femoris
927 2711 1042 2795 caput
1076 2695 1273 2772 effecisset.

263 2817 358 2886 Nam
373 2812 477 2911 quod
496 2811 711 2910 cartilagine
719 2814 968 2884 incrustatum
982 2828 1101 2902 esset;
1119 2811 1173 2884 ibi
1195 2813 1275 2888 fur-

263 2946 359 3002 tasse
376 2929 613 3026 cartilaginea
633 2944 785 3016 natura,
805 2953 893 3000 cum
912 2931 1102 3002 excavatio
1120 2931 1273 3030 incepta

263 3063 334 3137 est,
352 3046 516 3118 necdum
541 3046 581 3117 in
601 3069 746 3118 osseam
762 3061 926 3134 mutata;
946 3062 988 3118 ut
1013 3048 1273 3123 non-inducta

261 3180 392 3265 postea
407 3166 474 3253 sit,
490 3163 555 3235 sed
567 3177 716 3234 tantum
733 3179 885 3236 seruata.
897 3162 1010 3256 Quod
1022 3189 1114 3237 vero
1134 3189 1270 3240 cavum

260 3281 355 3352 illud
373 3281 556 3371 alterum,
582 3282 836 3354 commissurae
865 3282 1005 3354 ossium
1037 3282 1150 3380 pubis
1175 3310 1271 3388 ρῳ

258 3399 360 3499 pius,
376 3413 484 3468 vetus
502 3397 743 3470 acetabulum
759 3413 876 3489 esset,
896 3423 917 3471 a
931 3413 1065 3470 natura
1082 3401 1164 3499 ipsa
1174 3402 1268 3475 olim

222 3541 225 3548 ·
258 3527 452 3614 paratum,
467 3527 505 3584 et
523 3513 718 3613 sedesipsa
732 3515 888 3604 indicat,
899 3539 970 3590 nec
990 3517 1154 3614 parvitas
1167 3517 1267 3592 illius

255 3645 461 3730 repugnat,
481 3631 558 3702 sive
571 3654 658 3706 cum
676 3633 775 3706 inter
784 3633 889 3708 initia
902 3655 948 3704 eo
961 3657 1120 3706 munere
1136 3631 1267 3734 funge-

254 3848 1262 3880 W
1353 3879 1354 3882 Ἰ

291 4003 336 4084 (ι)
356 4006 395 4064 N.
418 4000 520 4072 tert.
