2700 4660
210 467 212 479 .
308 374 381 458 204
469 391 517 440 on
540 389 687 441 saonns
711 391 756 437 nr
780 385 904 438 causis
929 387 1139 438 atomorum
1164 449 1167 456 ,

306 529 388 578 eam
408 519 579 604 spectant
592 527 673 601 quae
687 504 733 576 sit
742 502 933 600 plerisque
948 503 1060 574 simul
1076 503 1304 592 communis,

305 625 347 694 in
378 623 526 720 illisque
551 643 655 719 pono
675 615 780 718 quod
798 645 844 704 ex
874 620 1071 691 nominato
1091 619 1304 691 Bartholino
1341 699 1342 712 χ

307 743 347 813 in
364 735 633 838 Ephemerides
655 739 812 810 relatum
829 753 885 810 est
908 741 1080 810 Caesareae
1091 741 1137 810 N.
1156 742 1208 840 C.¹
1221 744 1303 809 Aca·
1341 825 1342 830 ἵ

308 838 438 930 demiae
451 857 515 954 (1).
538 860 666 954 Itaque
684 855 730 926 ad
750 880 815 927 eos
834 853 1068 928 descendens
1086 857 1154 954 qui
1172 880 1305 928 memo·

309 978 365 1046 ria
383 989 511 1046 nostra
527 969 758 1061 floruerunt,
785 973 951 1072 primum
975 999 1020 1046 ex
1042 976 1144 1046 Italis
1162 973 1305 1046 Gabrie·

311 1093 403 1164 lium
414 1090 470 1189 (a)
483 1093 628 1181 inveni,
647 1094 714 1190 qui
727 1092 933 1189 superioris
945 1093 1067 1164 saeculi
1077 1117 1201 1178 nnnc,
1215 1089 1304 1162 haud

312 1210 449 1299 serim,
477 1209 850 1307 duodenonagesimo
878 1209 1118 1309 (Gagliardus
1137 1209 1193 1306 (3)
1218 1209 1305 1280 euim
1341 1297 1342 1304 ἵ

311 1351 413 1400 anno
426 1329 640 1425 insequenti
652 1327 824 1400 eamdem
835 1328 1137 1400 observationem
1152 1327 1306 1426 pressius
1341 1331 1342 1418 J

314 1445 555 1534 describens,
589 1471 716 1518 secum
754 1453 967 1545 nuperrime
1007 1451 1304 1516 communicatam
1341 1429 1342 1453 ³

316 1587 395 1634 esse
413 1562 521 1657 dixit)
542 1588 587 1634 eo
606 1564 721 1662 igitur
737 1564 887 1635 circiter
900 1589 1023 1651 anuo,
1040 1578 1222 1633 matronae
1238 1583 1306 1630 ossa
1341 1648 1342 1654 ἵ

315 1675 522 1769 dissecans,
540 1667 704 1778 quorum
724 1681 826 1752 nulla
847 1683 1042 1780 pristinam
1060 1680 1239 1751 duritiem
1258 1701 1304 1746 re·
1341 1661 1342 1669 ἵ

313 1798 527 1884 nouerant,
554 1797 778 1896 oblongiora
803 1814 927 1870 autem
964 1795 1040 1868 fere
1072 1799 1202 1868 omnia
1226 1793 1305 1865 facta
1341 1799 1342 1807 ’

315 1933 423 1988 erant
437 1917 476 1986 in
496 1941 649 1988 omnem
665 1932 810 2014 partem
829 1915 985 2004 flexilia,
1007 1915 1085 1986 hacc
1109 1913 1304 2012 depreben-
1341 2001 1342 2008 ἵ

315 2033 372 2106 dit
387 2035 426 2102 in
443 2057 596 2104 carnem
621 2057 700 2102 non
725 2031 904 2104 fibrosam
925 2013 1098 2129 quidemss
1120 2032 1187 2104 sed
1213 2028 1302 2102 rubi·
1341 2021 1342 2040 .

315 2149 506 2238 cundem,
534 2173 724 2222 conversa.
746 2155 833 2236 Post
852 2148 951 2222 banc
966 2205 975 2239 ‚
993 2174 1074 2220 non
1107 2148 1302 2220 absimilem

316 2265 357 2337 in
387 2263 525 2337 femina
557 2265 673 2338 altera
702 2267 776 2364 legi
809 2267 1114 2340 observationem
1146 2264 1303 2338 Gourtia·
1341 2265 1342 2278 *

316 2381 363 2453 lis
376 2381 452 2478 (l);
471 2383 570 2470 imo,
595 2398 636 2454 ut
651 2406 736 2454 ossa
753 2386 902 2472 omnia,
930 2362 1109 2456 dentibus
1135 2381 1302 2480 exeeptis,
1341 2375 1342 2395 .

319 2496 416 2596 quos
437 2499 646 2600 Gabrielius
665 2525 744 2571 non
765 2501 1002 2589 memoravit,
1020 2501 1057 2572 ei
1073 2499 1175 2572 flecti
1187 2515 1303 2598 potue⁴
1341 2500 1342 2513 ¹

320 2632 421 2707 rant,
436 2619 486 2688 ita
498 2620 625 2690 omnia
646 2616 845 2717 fungos'as,
861 2619 1071 2716 mollesque
1088 2623 1222 2689 'carnes
1237 2637 1303 2687 sane

322 2735 541 2832 guinolento
558 2759 642 2810 sero
659 2736 842 2825 imbutas,
855 2727 1078 2808 referebant.
1096 2737 1303 2832 Quanquam

322 2867 447 2924 autem
474 2879 554 2926 non
581 2854 733 2928 alterius
761 2853 909 2952 generis
941 2877 1020 2924 esse
1038 2851 1167 2941 video,
1195 2851 1303 2923 obser·
1341 2849 1342 2928 Ῠ

321 2970 489 3042 vationes
524 2971 705 3070 quasdam
738 2971 904 3069 chirurgi
929 2969 1088 3043 celebris
1113 2971 1222 3042 Petiti
1247 2961 1300 3062 (5),
1341 2933 1342 3006 l

323 3087 464 3183 quippe
492 3112 575 3183 quae
600 3113 681 3160 ossa
705 3103 847 3160 mutata
874 3087 1054 3162 exhibent
1076 3088 1117 3158 in
1147 3086 1300 3159 substan·

321 3205 411 3274 tiam
429 3205 533 3274 carni
562 3205 719 3301 similem
738 3205 868 3296 salvis,
898 3205 1002 3304 quod
1030 3207 1110 3305 ipse
1130 3195 1300 3277 adnotavit

329 3389 1299 3434 ——m-——ffi--q-ae‘

392 3524 404 3602 )
424 3527 497 3583 Obs.
513 3527 566 3600 37,
583 3537 672 3602 supra
687 3528 737 3586 cit.
818 3543 821 3549 ·

394 3625 405 3702 )
425 3627 502 3702 Eph.
514 3629 552 3683 N.
567 3630 599 3684 C.
611 3629 675 3684 dec.
692 3629 726 3698 3,
739 3631 767 3685 A
780 3647 811 3700 a,
826 3629 891 3685 obi.
905 3629 933 3686 3.

394 3833 404 3902 )
425 3825 502 3882 Hist.
518 3826 555 3882 de
569 3828 758 3904 l’Acad.1·oy.
773 3829 825 3884 des
839 3829 906 3898 Sc,
921 3845 969 3883 an.
987 3845 1081 3900 1700,
1092 3827 1201 3882 olim.

361 3525 390 3609 (1s

360 3627 391 3703 (a

302 3781 303 3784 ,
357 3723 403 3801 (3)
424 3729 514 3782 Anat.
526 3745 584 3782 oss.
600 3745 625 3784 c.
641 3745 674 3797 a,
686 3727 751 3784 obs.
765 3729 793 3784 3.
859 3755 862 3762 ·

358 3835 404 4004 li)
423 3927 513 3982 Mem.
525 3926 561 3982 de
573 3927 602 3984 la
615 3928 710 3984 meme
724 3925 834 3998 Aeas,
848 3947 897 3985 an.
913 3943 1011 4000 1722.
