2836 4648
317 418 389 498 658
484 441 530 488 mr
556 431 702 486 sumnus
727 433 771 480 ar
796 427 920 478 caus1s
944 422 1161 475 nonnonou

318 555 550 657 adjicienda,
577 563 791 649 opportune
810 539 1178 628 commonefaceret,
1199 554 1244 611 ut
1270 532 1329 612 bic
1415 601 1416 618 ,

318 679 530 774 adjicerem.
544 670 615 742 Sed
631 692 754 764 neque
767 664 814 736 de
827 663 916 749 illis,
935 685 1060 758 neque
1071 659 1120 734 de
1132 657 1328 731 ulceribus
1415 645 1416 682 ³

319 821 405 870 cum
416 795 456 864 in
472 788 665 890 praesentia
678 782 887 883 quidquam
899 793 1089 878 suppetat,
1106 777 1156 848 ad
1172 801 1219 847 ea
1232 792 1330 847 tran·
1415 765 1416 768 ¹

319 915 401 989 sibo
416 937 498 1011 quae
517 907 564 980 ad
579 909 842 1004 juncturarum
862 899 950 970 vitia
966 896 1184 995 pertinent,
1211 896 1331 966 motui
1415 889 1416 952 i

319 1029 531 1106 officientia.
548 1021 741 1098 Nonnulla
765 1017 866 1090 enim
890 1015 937 1086 de
950 1014 1009 1086 his
1029 1027 1120 1086 sunt
1142 1039 1231 1110 quae
1247 1029 1331 1110 post

320 1151 443 1224 datam
464 1144 510 1216 ad
537 1158 573 1214 te
596 1137 791 1239 epistolam
811 1139 917 1222 LVI,
947 1147 1012 1204 aut
1031 1132 1111 1230 ipse
1140 1131 1242 1220 vidi,
1271 1145 1332 1202 aut
1415 1151 1416 1216 j

318 1263 461 1348 risaab
481 1262 562 1333 aliis
577 1259 659 1357 legi.
678 1255 735 1327 Ad
751 1243 874 1356 prima
896 1263 1065 1350 spectant
1078 1249 1259 1321 historiae
1278 1249 1331 1319 hae
1415 1265 1416 1270 ’

318 1383 412 1456 duae.

370 1502 403 1572 8.
418 1503 538 1570 Senex
552 1501 631 1566 erat
643 1490 805 1578 Patavii,
825 1512 939 1586 quem
961 1511 1041 1556 non
1059 1486 1143 1556 sine
1164 1483 1330 1556 difficul-

321 1607 395 1693 tate
417 1629 529 1713 caput
547 1613 587 1682 in
607 1611 705 1682 latus
723 1608 902 1678 inclinare
917 1605 1105 1702 potuisse,
1131 1602 1183 1674 ab
1206 1605 1254 1676 iis
1270 1605 1332 1701 qui
1415 1627 1416 1672 3

322 1739 389 1810 diu
406 1759 493 1806 cum
519 1732 602 1833 ipso
624 1725 854 1832 familiariter
875 1723 1012 1794 versati
1039 1719 1221 1809 fuerant,
1250 1737 1332 1820 post
1415 1763 1416 1770 κ

322 1853 584 1928 dissectionem
602 1843 823 1942 accepimus.
847 1845 882 1912 Is
899 1863 986 1910 cum
1002 1863 1046 1910 ex
1062 1839 1271 1928 catarrh0,
1294 1854 1331 1910 ut
1415 1871 1416 1934 j

322 1969 486 2056 aiebant,
498 1969 653 2036 ineunte
667 1959 803 2031 Martio
815 1958 906 2030 anui.
922 1954 1026 2053 1755,
1043 1957 1083 2025 in
1099 1957 1329 2027 nosocomio
1415 1939 1416 2030 Ϊ

323 2087 558 2183 decessisset,
575 2079 686 2150 nobis
702 2074 945 2174 'quitunc-ibi
959 2072 1154 2172 quaedam,
1176 2073 1227 2144 ad
1248 2073 1330 2144 tho·
1415 2111 1416 2124 κ

323 2207 435 2293 racis,
464 2217 500 2274 et
520 2198 628 2285 colli,
647 2209 684 2266 et
704 2194 837 2292 capitis
857 2206 1058 2264 anatomen
1076 2189 1328 2288 pertinentia,
1415 2251 1416 2290 ,

323 2319 632 2401 ostendebamus,
651 2313 728 2387 haec
742 2309 966 2384 observandi
984 2311 1229 2380 occasionem
1243 2333 1329 2406 prae·

320 2435 608 2516 buithoraxin
616 2431 706 2504 lacie
714 2427 1098 2525 anteriorepulmonis
1106 2423 1257 2496 dexteri
1272 2425 1330 2522 hy·

323 2557 466 2632 datides
482 2547 969 2643 exhibuitduas,majorem
987 2567 1121 2630 unam,
1135 2545 1326 2612 minorem

321 2677 485 2750 alteram.
502 2669 623 2766 Capiti
638 2670 737 2736 intra
755 2665 924 2760 cranium
943 2685 1042 2758 aqua
1060 2661 1209 2748 inerat,
1222 2659 1328 2756 cujus

320 2819 406 2896 pars
425 2814 528 2888 aquae
550 2789 591 2856 in
618 2783 833 2859 lateralibus
865 2777 1081 2852 ventriculis
1115 2792 1325 2874 supererat.

320 2909 506 2987 Glandula
524 2903 680 3004 pinealis
697 2901 830 2972 tenuis.
849 2903 943 2968 Cum
960 2895 1066 2993 parvi
1079 2895 1248 2966 musculi
1266 2897 1327 2992 qui

320 3028 485 3102 anterius
502 3025 600 3095 inter
613 3020 773 3118 primam
796 3015 885 3086 colli
900 3013 1134 3091 vertebram,
1156 3028 1197 3084 et
1216 3025 1327 3110 caput

318 3145 617 3240 interjiciuntur,
646 3137 707 3207 vix
737 3155 780 3205 ac
796 3135 797 3138 ’
812 3158 861 3204 ne
892 3133 956 3202 vix
981 3128 1139 3226 quidem
1163 3153 1325 3226 appare·

319 3277 566 3354 rent,.neque
590 3254 629 3324 id
650 3251 743 3324 mihi
771 3251 939 3348 pessimae
969 3245 1175 3334 duntaxat,
1211 3247 1251 3318 id
1274 3261 1324 3318 est

319 3381 529 3480 laxissimae,
550 3385 593 3442 ut
614 3373 653 3442 in
674 3370 990 3465 caeteris¹quoque
1013 3366 1218 3450 musculis,
1243 3393 1325 3440 eon.

320 3496 504 3574 stitutioni
552 3487 819 3587 imputandum
869 3486 1090 3573 videretur3
1147 3489 1323 3556 attentius

317 3625 533 3714 inspectans
544 3641 559 3697 ,·
580 3622 617 3679 et
641 3603 869 3704 profundius
900 3603 1122 3700 inquirens,
1159 3603 1200 3671 in
1233 3600 1324 3672 illud

315 3732 433 3804 incidi
462 3728 568 3824 cujus
596 3724 834 3823 potissimum
865 3742 975 3791 causa
1019 3719 1119 3790 hanc
1159 3718 1323 3790 scribere

314 3847 419 3927 volui
449 3841 763 3922 observationem.
797 3837 945 3911 Scilicet
970 3861 1050 3909 non
1080 3836 1198 3907 modo
1221 3835 1323 3934 quod
