2700 4660
279 406 350 486 250
443 433 490 480 nn
515 429 660 482 sentens
685 432 729 479 ar
753 421 878 480 etnsts
902 429 1112 480 nonnosum

278 550 414 648 possis,
434 545 531 619 bene
556 545 692 618 multas
716 546 890 644 protinus
916 545 1115 636 indicabo,
1148 569 1282 624 omnes
1342 551 1343 620 t

277 666 421 766 pariter
437 661 697 736 admiremlia
709 687 855 735 venena
875 679 1098 762 spectantes.
1126 668 1162 736 A
1186 664 1283 734 vitro

278 783 475 856 antimonii
491 782 597 878 quod
615 782 751 880 aurig'ae
770 805 969 882 perperam
989 781 1117 854 datum
1138 779 1281 866 fuerat,

278 901 379 972 inter
395 913 550 986 caetera,
569 898 799 996 dejectiones
821 914 1019 988 cruentas,
1035 914 1164 972 motus
1189 920 1284 996 spas-

278 1017 466 1104 modicos,
491 1031 529 1087 et
555 1031 717 1088 mortem
747 1016 913 1115 denique
938 1013 1132 1090 adnotavit
1153 1014 1205 1088 cl.
1223 1019 1283 1085 Ba-

279 1134 468 1206 eumlinus
486 1132 560 1231 (1),
578 1133 755 1207 abrasum
775 1159 866 1206 vero
888 1135 991 1206 intus
1008 1131 1284 1218 ventriculum,

279 1265 316 1322 et
348 1249 482 1338 rubra,
509 1275 631 1350 prope
666 1251 872 1350 pylorum,
914 1248 1062 1322 macula
1105 1251 1282 1321 tinctut‘n.

278 1368 457 1458 Quamvis
476 1383 602 1441 autent
624 1370 726 1440 canis
753 1368 801 1440 ab
827 1368 960 1442 eodem
979 1369 1076 1440 vitro
1097 1366 1207 1464 quod
1231 1369 1282 1440 Jo.

278 1484 365 1558 Adr.
384 1486 622 1584 Sproegelius
639 1484 698 1583 (a)
714 1487 937 1582 intruserat,
952 1485 1048 1556 nihil
1059 1485 1131 1558 nisi
1141 1482 1284 1556 validas

281 1585 545 1676 convulsiones
557 1627 688 1702 passus
704 1605 771 1694 sit,
784 1603 878 1676 dnm
894 1626 1045 1675 vomere
1061 1601 1199 1690 vellet,
1214 1621 1283 1672 neo

248 1741 252 1746 ·
279 1735 438 1818 propter
459 1723 704 1795 constrictum
722 1721 878 1794 vinculo
896 1744 954 1809 os,
978 1733 1125 1818 posset;
1152 1717 1283 1790 admo-

280 1839 363 1908 nuit
381 1853 506 1910 tamen
520 1841 718 1937 experiens
726 1841 785 1910 vir
802 1841 876 1936 (3),
896 1837 1094 1910 brutorum
1108 1851 1280 1909 naturam

281 1955 397 2026 multo
416 1959 640 2048 fortiorem,
659 1972 696 2027 et
715 1956 937 2054 plerumque
962 1981 988 2026 α
1008 1968 1139 2026 nostra
1164 1952 1308 2027 diver-r

279 2077 477 2160 sissimam,
495 2075 715 2171 pervincere
730 2097 928 2145 cavenena
947 2097 1079 2171 posse,
1099 2096 1184 2168 quae
1201 2090 1280 2140 nos·

281 2203 339 2260 tra
354 2213 432 2261 non
454 2205 587 2288 potest.
610 2192 710 2283 Quin
744 2190 1031 2264 observationes
1055 2188 1109 2287 (t)
1140 2198 1281 2262 exstant

283 2309 423 2402 quaein
442 2308 515 2380 alio
534 2331 625 2382 cane
650 2308 851 2381 ostendant
867 2333 993 2406 quar-a
1020 2307 1119 2378 vitro
1135 2306 1202 2379 illo
1221 2327 1280 2402 pa·

282 2424 442 2521 ralyses,
468 2413 808 2524 convulsionesque
845 2450 933 2497 cum
967 2423 1168 2520 ejulatibus
1196 2445 1279 2494 con·

281 2541 436 2639 junctae,
454 2556 581 2640 etqua
601 2545 802 2617 ventriculi
825 2543 912 2617 sede
927 2539 1122 2618 manifesta
1140 2539 1280 2612 inflam-

284 2659 399 2731 matio
432 2675 513 2732 orta
541 2663 603 2749 sit,
622 2677 664 2733 nt
691 2662 763 2733 nisi
789 2663 917 2734 vivens
949 2659 1074 2732 adhu'c
1104 2658 1281 2734 dissectus

285 2793 405 2868 esset,
436 2779 607 2876 graviora
632 2775 786 2850 fortasse
811 2779 1034 2882 contingere¹
1052 2778 1278 2876 potuissent:

174 2929 180 2934 ·
283 2895 494 2966 tumetium
521 2896 718 2972 mulierem
747 2911 966 2994 proponant
990 2895 1038 2968 ab
1066 2893 1203 2970 eodem
1225 2894 1281 2964 in·

285 3024 389 3107 gesto
407 3012 504 3082 vitro
514 3036 583 3110 per
592 3035 766 3086 enormes
782 3015 966 3101 vomitus,
978 3027 1135 3097 mortuae
1151 3013 1278 3093 instar,

284 3123 393 3196 humi
411 3142 583 3214 stratam,
602 3129 780 3226 rigidam,
797 3129 1039 3218 convulsam,
1058 3143 1094 3201 et
1106 3127 1215 3226 pedis
1233 3124 1278 3198 al·

285 3242 401 3314 terius
422 3243 662 3318 acerbissimo
689 3247 849 3330 dolore,
878 3271 967 3320 mox
1002 3269 1219 3344 gangrena,
1246 3254 1278 3314 et

287 3357 463 3455 sphacelo
485 3379 718 3461 correptam,
747 3379 790 3436 ut
806 3362 1128 3462 quemadmodum
1152 3364 1279 3459 aurigae

284 3521 1277 3560 *unm-w

326 3662 369 3742 (ι)
391 3666 554 3744 Commere.
569 3653 674 3722 Litter.
687 3685 735 3722 an.
752 3668 845 3742 1739,
859 3665 949 3724 hebd.
966 3665 1017 3736 16,
1029 3685 1060 3722 n.
1076 3685 1104 3723 1.

300 3754 305 3763 “
326 3762 368 3845 (a)
388 3765 539 3839 Experim.
552 3764 630 3823 eirea
641 3765 726 3822 varia
738 3785 874 3836 venena,
891 3777 949 3824 etc.
962 3783 1063 3842 expet.
1080 3772 1139 3834 [με

342 3865 358 3921 3
391 3863 469 3920 Ibid.
520 3860 567 3920 50.

326 3865 372 4044 ito)
390 3867 582 4024 tusddttam.
591 3960 953 4044 adtecthnncsepulchr.
962 3965 1044 4046 ,obs
1056 3982 1091 4024 ra
1099 3961 1186 4039 ,hut
1197 3958 1278 4022 aett.
