2782 4652
82 492 197 552 crau.
211 491 584 580 neaonrrorsanma.
594 501 781 549 suasuros.
796 501 907 552 rmsr.
919 505 1003 576 aar„
1019 475 1090 570 425
1110 547 1113 555 a

80 636 158 712 que
186 618 288 688 enim
319 615 523 714 suspicioni
543 597 731 686 adversari
755 615 932 688 videntur
961 595 1088 688 humi-

78 729 219 824 liores,
245 735 511 830 tenuioresque
538 731 595 805 illi
635 732 804 830 paralleli
841 747 981 806 tractus
1016 733 1084 831 qui

85 846 195 924 hinc
203 859 243 922 'et
261 851 351 934 hinc
368 848 416 920 ad
431 849 600 922 medium
618 849 810 922 ducuntur
830 851 997 948 ejusdem
1026 876 1089 922 su·

83 944 273 1064 perficiei,
289 991 455 1068 quorum
469 963 719 1040 conformatio
739 967 787 1039 ab
803 965 875 1040 illis
891 967 937 1040 de
951 967 1089 1088 quihus

85 1085 306 1183 suspicabar
319 1107 438 1158 causis
447 1099 567 1183 repeti
581 1109 661 1156 non
680 1099 814 1184 potest.
832 1086 934 1178 Quin
946 1081 1089 1157 etiamsi

84 1219 266 1300 utraque,
290 1216 328 1274 et
353 1199 518 1274 secunda
535 1204 738 1301 praesertim
759 1203 921 1302 suspicio
957 1217 1091 1286 staret,

86 1345 129 1392 ac
140 1317 266 1392 *licere
284 1320 419 1418 aliquis
438 1319 609 1392 crederet
626 1319 674 1392 ab
700 1320 848 1392 diverso
869 1321 1091 1392 arteriarum

88 1437 209 1510 doctu
234 1437 418 1510 diversam
448 1439 653 1533 conjicere,
677 1452 714 1510 et
733 1437 885 1509 noxiam
909 1437 1094 1508 constitu
1118 1519 1121 1524 f

87 1551 238 1630 tionem
252 1555 423 1626 intimam
446 1547 616 1656 corporis
634 1554 794 1644 callosi3·
808 1557 838 1626 is
854 1569 980 1626 tamen
996 1579 1092 1652 quo

23 1691 28 1712 ²
91 1672 209 1745 modo
240 1696 320 1770 per
349 1671 427 1743 haec
463 1672 655 1744 stultitiam
680 1697 760 1742 non
799 1672 994 1762 innatam,
1028 1669 1093 1743 sed

90 1790 334 1863 adventitiam
352 1789 586 1888 explicaret?
612 1787 820 1860 Dubitandi
858 1785 973 1886 igitur
997 1789 1094 1858 ratio

90 1905 244 1980 aliunde
258 1892 435 1996 mihiest‚
458 1906 770 1982 animadvertenti
794 1905 1092 1993 videlicet‚*n0n

93 2025 217 2098 solum
232 2035 391 2122 perraro
415 2025 455 2092 in
478 2024 598 2096 stultis
624 2023 826 2095 abnormes
841 2022 922 2094 illas
941 2019 1095 2119 superfi-

97 2145 167 2214 ciei
196 2143 368 2241 corporis
395 2141 524 2213 callosi
557 2139 877 2214 conformationes
914 2140 1094 2240 reperiri,

83 2285 228 2333 uerum
249 2261 359 2331 etiam
374 2283 452 2331 esse
470 2282 567 2332 ame
579 2260 675 2332 visas
689 2262 729 2330 in
746 2257 920 2358 pluribus
931 2281 1108 2356 quorum¹

93 2401 203 2449 mens
227 2377 349 2448 fuerat
379 2377 580 2450 sanissima.
610 2382 740 2568 staffile
766 2401 850 2447 cum
868 2375 994 2448 de'his
1020 2400 1097 2450 am-

91 2495 192 2594 plius
208 2492 414 2566 videndum
430 2517 620 2583 cense'am3
644 2519 665 2565 a
712 2493 806 2565 illud
823 2482 928 2590 quod
943 2490 1037 2564 mihi
1057 2493 1096 2562 in

89 2611 297 2684 'stultorum
337 2609 514 2699 cerebro,
541 2611 571 2686 si
604 2635 686 2684 non
711 2633 880 2707 semper,
918 2627 955 2682 at
975 2608 1100 2685 terme

70 2742 74 2748 '
96 2750 249 2826 semper
266 2730 449 2816 ocurrrit,
465 2743 502 2826 et
518 2726 622 2826 quod
636 2727 695 2799 vel
714 2728 754 2797 in
770 2725 918 2799 duabus
931 2723 1001 2800 luit
1014 2751 1102 2825 pro-

99 2847 233 2946 positis
248 2845 596 2936 observationibus,
614 2843 795 2918 transibo

148 2959 963 3064 7.Fem1namajortr1g1ntaanmsabortu
982 2985 1102 3060 usque

98 3082 233 3172 stulta,
255 3098 291 3154 et
316 3109 398 3196 quae
424 3083 625 3155 novissime
649 3079 745 3152 nihil
763 3079 932 3190 alimenti
968 3101 1102 3178 capere

87 3201 301 3289 rolens,
291 3227 332 3270 m
359 3201 580 3274 nosocomio
603 3165 838 3274 decesserat
837 3223 882 3270 eo
908 3213 1103 3296 tempore,

99 3343 180 3416 quo
200 3312 256 3389 ibi
273 3317 403 3390 solitus
422 3343 505 3390 sum
522 3319 750 3390 intermissas
766 3314 958 3416 paulisper
974 3325 1106 3388 atrato·

99 3435 219 3508 micas
242 3435 526 3516 exercitationes
561 3434 760 3534 persequi,
788 3431 907 3508 idest
929 3431 1000 3504 sub
1031 3433 1106 3502 ini-

88 3553 200 3623 ·tium
217 3551 380 3648 Janoar'ii
405 3551 507 3650 1757..
541 3551 692 3624 Ventris
711 3551 836 3650 partes
860 3539 1107 3634 examinanti,

86 3663 212 3763 ·(nam
232 3693 314 3767 quae
328 3667 375 3741 ad
388 3667 580 3742 thoracem
596 3661 838 3756 'attinent,·ex
857 3664 937 3736 aliis
955 3663 1111 3736 cadave-

106 3785 216 3859 ribus
241 3802 352 3859 antea
374 3785 634 3882 ostenderam)
654 3783 749 3856 nihil
763 3781 972 3884 mirabilius
988 3782 1109 3854 visum

107 3919 164 3976 est
178 3925 292 4002 quam
310 3901 509 3978 florentem
533 3887 658 3975 adhuc
672 3917 777 3974 aetate
801 3899 951 3973 stultam
969 3953 978 3987 ,
1003 3899 1113 3997 virgi·

107 4024 287 4111 nitatem,
319 4037 505 4122 quantum
532 4020 734 4120 apparuit,
774 4039 949 4092 servasse
980 4019 1115 4115 Neque
