2746 4662
94 445 168 496 m.
180 451 230 498 ιν.
244 451 292 504 nr
305 449 442 503 nouato
456 450 654 520 currum,
672 442 741 508 ete.
756 453 869 504 arzer.
882 452 956 507 rvr.
988 423 1054 510 151

52 559 105 657 gis
118 577 158 634 et
175 565 325 655 inistis,
347 579 384 638 et
401 566 441 636 in
456 565 640 640 vertebris
653 566 832 640 omnibus
850 566 898 638 ab
915 567 997 664 ipso
1016 565 1058 636 iu

53 679 186 774 primis
200 683 431 781 sperandum
452 699 528 773 est,
550 700 592 756 ut
612 709 682 783 pro
700 685 786 757 data
803 685 844 756 in
863 698 1058 782 posterum

55 801 255 874 occasione
287 803 543 876 controversia
563 803 632 874 ista
665 803 818 900 penitus
844 801 1061 888 dirimatur,

56 913 246 1014 simulque
276 916 495 1018 perficiatur
522 919 731 994 anatomica
771 918 819 991 de
848 908 1062 1016 ligamentis

56 1029 248 1123 doctrina,
261 1035 301 1105 in
318 1059 392 1132 qua
417 1059 615 1134 superesse
631 1061 713 1132 quae
725 1049 811 1134 post
829 1031 1074 1112 Weitbrech·,

58 1159 135 1218 tum
163 1152 386 1224 accuratius·
403 1165 632 1241 tractentur,
667 1153 859 1250 cumipse
892 1148 1061 1222 animad-

58 1267 174 1338 verti:
195 1283 279 1338 turn
303 1268 544 1344 Manchartus
575 1265 754 1367 singulari
774 1294 848 1366 qua
873 1267 992 1365 pollet
1020 1267 1062 1338 in

62 1380 283 1456 dissecando
302 1387 437 1488 peritia
456 1402 492 1458 et
506 1384 700 1484 diligentia
715 1410 846 1483 reapse
872 1385 911 1454 in
931 1383 1066 1456 disser-

62 1500 200 1574 tatione
217 1502 383 1577 ostendit
397 1527 479 1601 quae
496 1487 715 1580 inscribitur
733 1507 866 1602 capitis
882 1498 1065 1574 articula·

66 1621 113 1688 tio
141 1643 226 1690 eum
242 1624 371 1718 prima
388 1636 425 1693 et
445 1619 610 1692 secunda
628 1620 814 1698 vertebra.
840 1622 962 1716 Atque
984 1617 1064 1696 haeo

66 1733 297 1832 subscribere
321 1737 485 1837 epistola·
505 1737 594 1810 huic
609 1738 737 1826 volui,
766 1762 814 1808 ne
837 1737 927 1834 quia
950 1735 1065 1810 raris·

69 1851 155 1926 tima
176 1855 319 1926 suntin
338 1854 445 1928 Ital-ia
466 1856 619 1928 alterius
645 1855 746 1926 illius
771 1879 854 1952 quae
873 1851 989 1926 modo
1006 1853 1066 1924 in*

71 1965 223 2042 dicatam
249 1969 447 2047 subsecuta
474 1987 550 2061 est,
576 1971 847 2046 dissertationis
874 1969 1067 2072 exempla3

72 2087 156 2183 quid
171 2088 217 2160 de
230 2113 493 2188 supremarum
502 2090 762 2164 vertebrarum
782 2087 973 2162 lunatione
987 2110 1069 2160 sem

73 2205 176 2296 serit,
210 2221 275 2280 aut
307 2206 443 2282 viderit
467 2208 525 2283 vir
549 2207 891 2306 prudentissimus,
918 2206 1070 2304 ignora·

73 2343 138 2396 tes
152 2323 242 2400 Vale
256 2326 405 2402 iterum.
445 2361 449 2372 ·
