<?xml version="1.0" encoding="UTF-8"?>
<!DOCTYPE html PUBLIC "-//W3C//DTD XHTML 1.0 Transitional//EN"
    "http://www.w3.org/TR/xhtml1/DTD/xhtml1-transitional.dtd">
<html xmlns="http://www.w3.org/1999/xhtml" xml:lang="en" lang="en">
 <head>
  <title>
</title>
<meta http-equiv="Content-Type" content="text/html;charset=utf-8" />
  <meta name='ocr-system' content='tesseract 3.04.00' />
  <meta name='ocr-capabilities' content='ocr_page ocr_carea ocr_par ocr_line ocrx_word'/>
</head>
<body>
  <div class='ocr_page' id='page_1' title='image "./desedibusetcaus02adelgoog_0651.png"; bbox 0 0 2836 4648; ppageno 0'>
   <div class='ocr_carea' id='block_1_1' title="bbox 276 439 1207 544">
    <p class='ocr_par' dir='ltr' id='par_1_1' title="bbox 276 439 1207 544">
     <span class='ocr_line' id='line_1_1' title="bbox 276 439 1207 544; baseline -0.004 -22"><span class='ocrx_word' id='word_1_1' title='bbox 276 445 351 522; x_wconf 77' lang='lat'><strong>668</strong></span> <span class='ocrx_word' id='word_1_2' title='bbox 384 441 391 454; x_wconf 79' lang='grc'><strong>’</strong></span> <span class='ocrx_word' id='word_1_3' title='bbox 443 439 490 518; x_wconf 73' lang='lat' dir='ltr'><strong>rie</strong></span> <span class='ocrx_word' id='word_1_4' title='bbox 515 465 662 518; x_wconf 73' lang='lat' dir='ltr'><strong>senices</strong></span> <span class='ocrx_word' id='word_1_5' title='bbox 686 467 731 516; x_wconf 80' lang='lat' dir='ltr'><strong>rr</strong></span> <span class='ocrx_word' id='word_1_6' title='bbox 754 465 881 517; x_wconf 70' lang='lat' dir='ltr'><strong>elusis</strong></span> <span class='ocrx_word' id='word_1_7' title='bbox 903 463 1118 520; x_wconf 73' lang='lat' dir='ltr'><strong>nossem</strong></span> <span class='ocrx_word' id='word_1_8' title='bbox 1203 535 1207 544; x_wconf 93' lang='lat'>.</span> 
     </span>
    </p>
   </div>
   <div class='ocr_carea' id='block_1_2' title="bbox 209 565 1413 2678">
    <p class='ocr_par' dir='ltr' id='par_1_2' title="bbox 209 565 1413 2678">
     <span class='ocr_line' id='line_1_2' title="bbox 277 565 1293 680; baseline -0.003 -26"><span class='ocrx_word' id='word_1_9' title='bbox 277 583 383 680; x_wconf 77' lang='lat' dir='ltr'><strong>gine,</strong></span> <span class='ocrx_word' id='word_1_10' title='bbox 404 583 472 656; x_wconf 88' lang='lat' dir='ltr'><strong>etsi</strong></span> <span class='ocrx_word' id='word_1_11' title='bbox 484 579 563 654; x_wconf 88' lang='lat' dir='ltr'><strong>duo</strong></span> <span class='ocrx_word' id='word_1_12' title='bbox 575 580 746 680; x_wconf 86' lang='lat' dir='ltr'><strong>exempla</strong></span> <span class='ocrx_word' id='word_1_13' title='bbox 758 565 926 680; x_wconf 81' lang='lat' dir='ltr'><strong>profert,</strong></span> <span class='ocrx_word' id='word_1_14' title='bbox 942 579 1047 654; x_wconf 87' lang='lat' dir='ltr'><strong>unde</strong></span> <span class='ocrx_word' id='word_1_15' title='bbox 1060 579 1189 653; x_wconf 80' lang='lat' dir='ltr'><strong>videri</strong></span> <span class='ocrx_word' id='word_1_16' title='bbox 1204 603 1293 678; x_wconf 79' lang='lat' dir='ltr'><strong>poe-</strong></span> 
     </span>
     <span class='ocr_line' id='line_1_3' title="bbox 277 685 1326 796; baseline -0.001 -24"><span class='ocrx_word' id='word_1_17' title='bbox 277 699 344 787; x_wconf 82' lang='lat' dir='ltr'><strong>sit,</strong></span> <span class='ocrx_word' id='word_1_18' title='bbox 363 695 520 774; x_wconf 80' lang='lat' dir='ltr'><strong>frustula</strong></span> <span class='ocrx_word' id='word_1_19' title='bbox 529 709 609 774; x_wconf 78' lang='lat' dir='ltr'><strong>esse‘</strong></span> <span class='ocrx_word' id='word_1_20' title='bbox 618 721 701 796; x_wconf 87' lang='lat' dir='ltr'><strong>quae</strong></span> <span class='ocrx_word' id='word_1_21' title='bbox 717 699 754 768; x_wconf 86' lang='lat' dir='ltr'><strong>ri</strong></span> <span class='ocrx_word' id='word_1_22' title='bbox 768 686 871 770; x_wconf 79' lang='lat' dir='ltr'><strong>ill&#39;nta</strong></span> <span class='ocrx_word' id='word_1_23' title='bbox 888 697 937 771; x_wconf 84' lang='lat' dir='ltr'><strong>ab</strong></span> <span class='ocrx_word' id='word_1_24' title='bbox 953 699 1097 772; x_wconf 83' lang='lat' dir='ltr'><strong>ossium</strong></span> <span class='ocrx_word' id='word_1_25' title='bbox 1111 693 1295 771; x_wconf 77' lang='lat' dir='ltr'><strong>extremis</strong></span> <span class='ocrx_word' id='word_1_26' title='bbox 1322 685 1326 696; x_wconf 49' lang='lat'>⁸</span> 
     </span>
     <span class='ocr_line' id='line_1_4' title="bbox 278 804 1296 914; baseline -0.002 -28"><span class='ocrx_word' id='word_1_27' title='bbox 278 813 465 914; x_wconf 79' lang='lat' dir='ltr'><strong>discerpta</strong></span> <span class='ocrx_word' id='word_1_28' title='bbox 477 813 772 906; x_wconf 81' lang='lat' dir='ltr'><strong>luerint3tamen</strong></span> <span class='ocrx_word' id='word_1_29' title='bbox 783 837 868 886; x_wconf 87' lang='lat' dir='ltr'><strong>curn</strong></span> <span class='ocrx_word' id='word_1_30' title='bbox 879 804 1052 912; x_wconf 82' lang='lat' dir='ltr'><strong>undique</strong></span> <span class='ocrx_word' id='word_1_31' title='bbox 1064 805 1296 910; x_wconf 63' lang='lat' dir='ltr'><strong>cartilagine</strong></span> 
     </span>
     <span class='ocr_line' id='line_1_5' title="bbox 213 925 1296 1030; baseline -0.002 -26"><span class='ocrx_word' id='word_1_32' title='bbox 213 985 216 992; x_wconf 78' lang='lat'>·</span> <span class='ocrx_word' id='word_1_33' title='bbox 277 927 424 1030; x_wconf 80' lang='lat' dir='ltr'><strong>oequali</strong></span> <span class='ocrx_word' id='word_1_34' title='bbox 437 937 572 1008; x_wconf 82' lang='lat' dir='ltr'><strong>vestita</strong></span> <span class='ocrx_word' id='word_1_35' title='bbox 590 945 828 1030; x_wconf 79' lang='lat' dir='ltr'>spectentur,</span> <span class='ocrx_word' id='word_1_36' title='bbox 847 955 918 1004; x_wconf 87' lang='lat' dir='ltr'><strong>nec</strong></span> <span class='ocrx_word' id='word_1_37' title='bbox 936 931 1117 1004; x_wconf 69' lang='lat' dir='ltr'><strong>moritum</strong></span> <span class='ocrx_word' id='word_1_38' title='bbox 1138 925 1296 1030; x_wconf 81' lang='lat' dir='ltr'><strong>seniper</strong></span> 
     </span>
     <span class='ocr_line' id='line_1_6' title="bbox 209 1037 1295 1148; baseline 0 -30"><span class='ocrx_word' id='word_1_39' title='bbox 209 1037 222 1112; x_wconf 78' lang='grc' dir='ltr'><strong>.ἶ.</strong></span> <span class='ocrx_word' id='word_1_40' title='bbox 278 1050 333 1122; x_wconf 76' lang='lat' dir='ltr'><strong>vis</strong></span> <span class='ocrx_word' id='word_1_41' title='bbox 353 1052 584 1123; x_wconf 85' lang='lat' dir='ltr'><strong>extrinsecus</strong></span> <span class='ocrx_word' id='word_1_42' title='bbox 610 1047 710 1121; x_wconf 81' lang='lat' dir='ltr'><strong>illata</strong></span> <span class='ocrx_word' id='word_1_43' title='bbox 730 1050 984 1148; x_wconf 68' lang='lat' dir='ltr'><strong>precesserit;</strong></span> <span class='ocrx_word' id='word_1_44' title='bbox 1008 1048 1107 1122; x_wconf 87' lang='lat' dir='ltr'><strong>nihil</strong></span> <span class='ocrx_word' id='word_1_45' title='bbox 1136 1041 1295 1122; x_wconf 72' lang='lat' dir='ltr'><strong>ilefiniri</strong></span> 
     </span>
     <span class='ocr_line' id='line_1_7' title="bbox 279 1163 1295 1266; baseline -0.005 -25"><span class='ocrx_word' id='word_1_46' title='bbox 279 1163 328 1242; x_wconf 71' lang='lat' dir='ltr'><strong>eb</strong></span> <span class='ocrx_word' id='word_1_47' title='bbox 339 1171 377 1240; x_wconf 83' lang='lat' dir='ltr'><strong>s&#39;e</strong></span> <span class='ocrx_word' id='word_1_48' title='bbox 390 1165 735 1266; x_wconf 83' lang='lat' dir='ltr'><strong>posse,prudenter</strong></span> <span class='ocrx_word' id='word_1_49' title='bbox 747 1165 982 1240; x_wconf 81' lang='lat' dir='ltr'><strong>latetursnte</strong></span> <span class='ocrx_word' id='word_1_50' title='bbox 991 1166 1156 1239; x_wconf 86' lang='lat' dir='ltr'><strong>ulterius</strong></span> <span class='ocrx_word' id='word_1_51' title='bbox 1166 1189 1295 1240; x_wconf 84' lang='lat' dir='ltr'><strong>exem·</strong></span> 
     </span>
     <span class='ocr_line' id='line_1_8' title="bbox 246 1281 1294 1386; baseline -0.002 -30"><span class='ocrx_word' id='word_1_52' title='bbox 246 1329 248 1334; x_wconf 66' lang='lat'><strong>,</strong></span> <span class='ocrx_word' id='word_1_53' title='bbox 279 1284 433 1386; x_wconf 87' lang='lat' dir='ltr'><strong>plorum</strong></span> <span class='ocrx_word' id='word_1_54' title='bbox 466 1281 719 1383; x_wconf 82' lang='lat' dir='ltr'><strong>compluritirn</strong></span> <span class='ocrx_word' id='word_1_55' title='bbox 746 1303 914 1356; x_wconf 84' lang='lat' dir='ltr'><strong>examen.</strong></span> <span class='ocrx_word' id='word_1_56' title='bbox 947 1287 1077 1382; x_wconf 82' lang='lat' dir='ltr'><strong>ltaque</strong></span> <span class='ocrx_word' id='word_1_57' title='bbox 1111 1307 1180 1356; x_wconf 88' lang='lat' dir='ltr'><strong>me</strong></span> <span class='ocrx_word' id='word_1_58' title='bbox 1214 1306 1294 1354; x_wconf 85' lang='lat' dir='ltr'><strong>non</strong></span> 
     </span>
     <span class='ocr_line' id='line_1_9' title="bbox 281 1395 1295 1498; baseline -0.002 -26"><span class='ocrx_word' id='word_1_59' title='bbox 281 1400 439 1498; x_wconf 82' lang='lat' dir='ltr'><strong>poenitet</strong></span> <span class='ocrx_word' id='word_1_60' title='bbox 453 1397 547 1496; x_wconf 89' lang='lat' dir='ltr'><strong>quid</strong></span> <span class='ocrx_word' id='word_1_61' title='bbox 561 1395 643 1472; x_wconf 79' lang='lat' dir='ltr'><strong>nen</strong></span> <span class='ocrx_word' id='word_1_62' title='bbox 650 1397 767 1472; x_wconf 87' lang='lat' dir='ltr'>modo</span> <span class='ocrx_word' id='word_1_63' title='bbox 783 1399 885 1498; x_wconf 87' lang='lat' dir='ltr'><strong>ipse,</strong></span> <span class='ocrx_word' id='word_1_64' title='bbox 907 1413 1042 1473; x_wconf 83' lang='lat' dir='ltr'><strong>verum¹</strong></span> <span class='ocrx_word' id='word_1_65' title='bbox 1053 1400 1129 1472; x_wconf 81' lang='lat' dir='ltr'><strong>etia</strong></span> <span class='ocrx_word' id='word_1_66' title='bbox 1142 1399 1295 1471; x_wconf 76' lang='lat' dir='ltr'><strong>millus·</strong></span> 
     </span>
     <span class='ocr_line' id='line_1_10' title="bbox 280 1507 1295 1616; baseline 0.002 -28"><span class='ocrx_word' id='word_1_67' title='bbox 280 1519 348 1614; x_wconf 79' lang='lat' dir='ltr'><strong>tris</strong></span> <span class='ocrx_word' id='word_1_68' title='bbox 360 1519 439 1614; x_wconf 86' lang='lat' dir='ltr'><strong>ejus</strong></span> <span class='ocrx_word' id='word_1_69' title='bbox 455 1515 842 1616; x_wconf 84' lang='lat' dir='ltr'><strong>praeceptorHallerus</strong></span> <span class='ocrx_word' id='word_1_70' title='bbox 857 1517 947 1588; x_wconf 90' lang='lat' dir='ltr'><strong>olim</strong></span> <span class='ocrx_word' id='word_1_71' title='bbox 957 1507 1249 1606; x_wconf 79' lang='lat' dir='ltr'><strong>viderimus,ed</strong></span> <span class='ocrx_word' id='word_1_72' title='bbox 1258 1533 1295 1590; x_wconf 90' lang='lat' dir='ltr'><strong>te</strong></span> 
     </span>
     <span class='ocr_line' id='line_1_11' title="bbox 251 1625 1295 1734; baseline -0.007 -23"><span class='ocrx_word' id='word_1_73' title='bbox 251 1711 253 1718; x_wconf 75' lang='grc'>,</span> <span class='ocrx_word' id='word_1_74' title='bbox 281 1633 483 1734; x_wconf 70' lang='lat' dir='ltr'><strong>scripsisse.</strong></span> <span class='ocrx_word' id='word_1_75' title='bbox 503 1635 613 1734; x_wconf 84' lang='lat' dir='ltr'><strong>Fugit</strong></span> <span class='ocrx_word' id='word_1_76' title='bbox 623 1637 748 1722; x_wconf 91' lang='lat' dir='ltr'><strong>enim,</strong></span> <span class='ocrx_word' id='word_1_77' title='bbox 767 1647 808 1706; x_wconf 88' lang='lat' dir='ltr'><strong>ut</strong></span> <span class='ocrx_word' id='word_1_78' title='bbox 819 1633 881 1722; x_wconf 84' lang='lat' dir='ltr'><strong>fit,</strong></span> <span class='ocrx_word' id='word_1_79' title='bbox 901 1633 1204 1708; x_wconf 86' lang='lat' dir='ltr'><strong>eruditissimum</strong></span> <span class='ocrx_word' id='word_1_80' title='bbox 1215 1625 1295 1706; x_wconf 81' lang='lat' dir='ltr'><strong>Rei·</strong></span> 
     </span>
     <span class='ocr_line' id='line_1_12' title="bbox 280 1750 1296 1850; baseline -0.002 -26"><span class='ocrx_word' id='word_1_81' title='bbox 280 1773 448 1842; x_wconf 76' lang='lat' dir='ltr'><strong>merum,</strong></span> <span class='ocrx_word' id='word_1_82' title='bbox 464 1760 685 1850; x_wconf 79' lang='lat' dir='ltr'>negantem,</span> <span class='ocrx_word' id='word_1_83' title='bbox 700 1750 740 1824; x_wconf 87' lang='lat' dir='ltr'><strong>in</strong></span> <span class='ocrx_word' id='word_1_84' title='bbox 763 1751 836 1824; x_wconf 82' lang='lat' dir='ltr'><strong>alio</strong></span> <span class='ocrx_word' id='word_1_85' title='bbox 856 1775 900 1824; x_wconf 88' lang='lat' dir='ltr'><strong>ac</strong></span> <span class='ocrx_word' id='word_1_86' title='bbox 920 1773 1019 1850; x_wconf 83' lang='lat' dir='ltr'><strong>genu</strong></span> <span class='ocrx_word' id='word_1_87' title='bbox 1037 1751 1206 1824; x_wconf 81' lang='lat' dir='ltr'><strong>articulo</strong></span> <span class='ocrx_word' id='word_1_88' title='bbox 1221 1751 1296 1824; x_wconf 80' lang='lat' dir='ltr'><strong>sibi</strong></span> 
     </span>
     <span class='ocr_line' id='line_1_13' title="bbox 281 1865 1294 1970; baseline -0.007 -22"><span class='ocrx_word' id='word_1_89' title='bbox 281 1883 374 1948; x_wconf 82' lang='lat' dir='ltr'><strong>nota</strong></span> <span class='ocrx_word' id='word_1_90' title='bbox 387 1893 468 1944; x_wconf 88' lang='lat' dir='ltr'><strong>esse</strong></span> <span class='ocrx_word' id='word_1_91' title='bbox 487 1867 600 1966; x_wconf 87' lang='lat' dir='ltr'><strong>hujus</strong></span> <span class='ocrx_word' id='word_1_92' title='bbox 620 1865 745 1941; x_wconf 84' lang='lat' dir='ltr'><strong>morbi</strong></span> <span class='ocrx_word' id='word_1_93' title='bbox 762 1869 931 1970; x_wconf 85' lang='lat' dir='ltr'><strong>exempla</strong></span> <span class='ocrx_word' id='word_1_94' title='bbox 947 1895 957 1956; x_wconf 90' lang='lat'>;</span> <span class='ocrx_word' id='word_1_95' title='bbox 976 1865 1091 1966; x_wconf 80' lang='lat' dir='ltr'><strong>fugit,</strong></span> <span class='ocrx_word' id='word_1_96' title='bbox 1108 1868 1294 1968; x_wconf 84' lang='lat' dir='ltr'><strong>inquam.</strong></span> 
     </span>
     <span class='ocr_line' id='line_1_14' title="bbox 281 1984 1296 2085; baseline -0.002 -25"><span class='ocrx_word' id='word_1_97' title='bbox 281 1987 421 2062; x_wconf 81' lang='lat' dir='ltr'><strong>llalleri</strong></span> <span class='ocrx_word' id='word_1_98' title='bbox 437 1985 667 2078; x_wconf 82' lang='lat' dir='ltr'><strong>observatio,</strong></span> <span class='ocrx_word' id='word_1_99' title='bbox 680 1987 748 2085; x_wconf 91' lang='lat' dir='ltr'><strong>qui</strong></span> <span class='ocrx_word' id='word_1_100' title='bbox 763 1985 944 2058; x_wconf 80' lang='lat' dir='ltr'><strong>morbum</strong></span> <span class='ocrx_word' id='word_1_101' title='bbox 958 1984 1061 2060; x_wconf 90' lang='lat' dir='ltr'><strong>hunc</strong></span> <span class='ocrx_word' id='word_1_102' title='bbox 1076 1987 1114 2057; x_wconf 90' lang='lat' dir='ltr'><strong>in</strong></span> <span class='ocrx_word' id='word_1_103' title='bbox 1126 1987 1296 2059; x_wconf 85' lang='lat' dir='ltr'><strong>articulo</strong></span> 
     </span>
     <span class='ocr_line' id='line_1_15' title="bbox 282 2095 1413 2220; baseline -0.003 -42"><span class='ocrx_word' id='word_1_104' title='bbox 282 2105 439 2180; x_wconf 74' lang='lat' dir='ltr'><strong>merillae</strong></span> <span class='ocrx_word' id='word_1_105' title='bbox 467 2101 646 2204; x_wconf 84' lang='lat' dir='ltr'><strong>offendit,</strong></span> <span class='ocrx_word' id='word_1_106' title='bbox 669 2101 910 2204; x_wconf 72' lang='lat' dir='ltr'><strong>‘offenditque</strong></span> <span class='ocrx_word' id='word_1_107' title='bbox 934 2095 1047 2177; x_wconf 80' lang='lat' dir='ltr'><strong>simul</strong></span> <span class='ocrx_word' id='word_1_108' title='bbox 1066 2103 1121 2176; x_wconf 90' lang='lat' dir='ltr'><strong>ibi</strong></span> <span class='ocrx_word' id='word_1_109' title='bbox 1140 2105 1295 2176; x_wconf 85' lang='lat' dir='ltr'><strong>cartila-</strong></span> <span class='ocrx_word' id='word_1_110' title='bbox 1412 2190 1413 2220; x_wconf 23' lang='grc'>1</span> 
     </span>
     <span class='ocr_line' id='line_1_16' title="bbox 282 2221 1294 2328; baseline -0.002 -32"><span class='ocrx_word' id='word_1_111' title='bbox 282 2225 389 2328; x_wconf 67' lang='lat' dir='ltr'><strong>gines</strong></span> <span class='ocrx_word' id='word_1_112' title='bbox 404 2237 570 2322; x_wconf 67' lang='lat' dir='ltr'><strong>exparte</strong></span> <span class='ocrx_word' id='word_1_113' title='bbox 590 2221 807 2322; x_wconf 69' lang='lat' dir='ltr'><strong>absumptas</strong></span> <span class='ocrx_word' id='word_1_114' title='bbox 824 2249 833 2293; x_wconf 79' lang='grc' dir='ltr'><em>τ</em></span> <span class='ocrx_word' id='word_1_115' title='bbox 858 2247 1019 2320; x_wconf 86' lang='lat' dir='ltr'><strong>quarum</strong></span> <span class='ocrx_word' id='word_1_116' title='bbox 1046 2235 1084 2295; x_wconf 90' lang='lat' dir='ltr'><strong>et</strong></span> <span class='ocrx_word' id='word_1_117' title='bbox 1100 2245 1176 2322; x_wconf 85' lang='lat' dir='ltr'><strong>ego</strong></span> <span class='ocrx_word' id='word_1_118' title='bbox 1194 2247 1294 2294; x_wconf 89' lang='lat' dir='ltr'><strong>non·</strong></span> 
     </span>
     <span class='ocr_line' id='line_1_17' title="bbox 284 2337 1298 2440; baseline -0.003 -26"><span class='ocrx_word' id='word_1_119' title='bbox 284 2341 407 2414; x_wconf 77' lang='lat' dir='ltr'><strong>nullas</strong></span> <span class='ocrx_word' id='word_1_120' title='bbox 431 2357 525 2417; x_wconf 86' lang='lat' dir='ltr'><strong>tune</strong></span> <span class='ocrx_word' id='word_1_121' title='bbox 557 2337 636 2416; x_wconf 79' lang='lat' dir='ltr'><strong>vidi</strong></span> <span class='ocrx_word' id='word_1_122' title='bbox 669 2339 845 2428; x_wconf 74' lang='lat' dir='ltr'><strong>sulcatae,</strong></span> <span class='ocrx_word' id='word_1_123' title='bbox 877 2354 1194 2440; x_wconf 74' lang='lat' dir='ltr'><strong>extenuataeque,</strong></span> <span class='ocrx_word' id='word_1_124' title='bbox 1225 2363 1298 2412; x_wconf 87' lang='lat' dir='ltr'><strong>nee</strong></span> 
     </span>
     <span class='ocr_line' id='line_1_18' title="bbox 283 2447 1296 2558; baseline -0.005 -24"><span class='ocrx_word' id='word_1_125' title='bbox 283 2475 411 2534; x_wconf 78' lang='lat' dir='ltr'><strong>temen</strong></span> <span class='ocrx_word' id='word_1_126' title='bbox 432 2473 617 2558; x_wconf 82' lang='lat' dir='ltr'><strong>quantum</strong></span> <span class='ocrx_word' id='word_1_127' title='bbox 643 2458 691 2532; x_wconf 84' lang='lat' dir='ltr'><strong>ad</strong></span> <span class='ocrx_word' id='word_1_128' title='bbox 717 2459 840 2532; x_wconf 88' lang='lat' dir='ltr'><strong>multo</strong></span> <span class='ocrx_word' id='word_1_129' title='bbox 870 2447 1050 2558; x_wconf 73' lang='lat' dir='ltr'><strong>pauciora</strong></span> <span class='ocrx_word' id='word_1_130' title='bbox 1077 2483 1196 2558; x_wconf 85' lang='lat' dir='ltr'><strong>quam</strong></span> <span class='ocrx_word' id='word_1_131' title='bbox 1223 2481 1296 2558; x_wconf 86' lang='lat' dir='ltr'><strong>ego</strong></span> 
     </span>
     <span class='ocr_line' id='line_1_19' title="bbox 285 2563 1295 2678; baseline -0.001 -29"><span class='ocrx_word' id='word_1_132' title='bbox 285 2575 519 2666; x_wconf 81' lang='lat' dir='ltr'><strong>inienerim,</strong></span> <span class='ocrx_word' id='word_1_133' title='bbox 541 2573 738 2651; x_wconf 84' lang='lat' dir='ltr'><strong>efficienda</strong></span> <span class='ocrx_word' id='word_1_134' title='bbox 761 2567 988 2678; x_wconf 86' lang='lat' dir='ltr'><strong>corpuscula</strong></span> <span class='ocrx_word' id='word_1_135' title='bbox 1010 2563 1099 2649; x_wconf 79' lang='lat' dir='ltr'><strong>satis</strong></span> <span class='ocrx_word' id='word_1_136' title='bbox 1116 2597 1199 2650; x_wconf 87' lang='lat' dir='ltr'><strong>esse</strong></span> <span class='ocrx_word' id='word_1_137' title='bbox 1221 2600 1295 2674; x_wconf 90' lang='lat' dir='ltr'><strong>po·</strong></span> 
     </span>
    </p>
   </div>
   <div class='ocr_carea' id='block_1_3' title="bbox 169 2687 1294 2792">
    <p class='ocr_par' dir='ltr' id='par_1_3' title="bbox 169 2687 1294 2792">
     <span class='ocr_line' id='line_1_20' title="bbox 169 2687 1294 2792; baseline -0.006 -21"><span class='ocrx_word' id='word_1_138' title='bbox 169 2725 171 2731; x_wconf 69' lang='grc'>’</span> <span class='ocrx_word' id='word_1_139' title='bbox 284 2687 435 2784; x_wconf 66' lang='lat' dir='ltr'><strong>suisset,</strong></span> <span class='ocrx_word' id='word_1_140' title='bbox 455 2708 563 2767; x_wconf 86' lang='lat' dir='ltr'><strong>erant</strong></span> <span class='ocrx_word' id='word_1_141' title='bbox 581 2693 684 2766; x_wconf 89' lang='lat' dir='ltr'><strong>enim</strong></span> <span class='ocrx_word' id='word_1_142' title='bbox 701 2719 781 2778; x_wconf 82' lang='lat' dir='ltr'><strong>non</strong></span> <span class='ocrx_word' id='word_1_143' title='bbox 800 2694 954 2792; x_wconf 84' lang='lat' dir='ltr'><strong>viginti,</strong></span> <span class='ocrx_word' id='word_1_144' title='bbox 972 2693 1070 2766; x_wconf 84' lang='lat' dir='ltr'><strong>sicut</strong></span> <span class='ocrx_word' id='word_1_145' title='bbox 1086 2693 1126 2764; x_wconf 92' lang='lat' dir='ltr'><strong>in</strong></span> <span class='ocrx_word' id='word_1_146' title='bbox 1151 2691 1294 2766; x_wconf 85' lang='lat' dir='ltr'><strong>llalleri</strong></span> 
     </span>
    </p>
   </div>
   <div class='ocr_carea' id='block_1_4' title="bbox 274 2809 1295 4083">
    <p class='ocr_par' dir='ltr' id='par_1_4' title="bbox 274 2809 1295 4083">
     <span class='ocr_line' id='line_1_21' title="bbox 287 2809 1294 2910; baseline -0.002 -23"><span class='ocrx_word' id='word_1_147' title='bbox 287 2812 575 2903; x_wconf 78' lang='lat' dir='ltr'><strong>observatione,</strong></span> <span class='ocrx_word' id='word_1_148' title='bbox 594 2809 659 2884; x_wconf 89' lang='lat' dir='ltr'><strong>sed</strong></span> <span class='ocrx_word' id='word_1_149' title='bbox 681 2811 811 2910; x_wconf 82' lang='lat' dir='ltr'><strong>plura,</strong></span> <span class='ocrx_word' id='word_1_150' title='bbox 836 2825 873 2884; x_wconf 90' lang='lat' dir='ltr'><strong>et</strong></span> <span class='ocrx_word' id='word_1_151' title='bbox 902 2812 941 2882; x_wconf 91' lang='lat' dir='ltr'><strong>in</strong></span> <span class='ocrx_word' id='word_1_152' title='bbox 961 2811 1006 2883; x_wconf 88' lang='lat' dir='ltr'><strong>iis</strong></span> <span class='ocrx_word' id='word_1_153' title='bbox 1027 2835 1107 2882; x_wconf 90' lang='lat' dir='ltr'><strong>non</strong></span> <span class='ocrx_word' id='word_1_154' title='bbox 1130 2809 1294 2886; x_wconf 83' lang='lat' dir='ltr'><strong>deerant</strong></span> 
     </span>
     <span class='ocr_line' id='line_1_22' title="bbox 275 2925 1293 3032; baseline 0.001 -31"><span class='ocrx_word' id='word_1_155' title='bbox 275 2933 458 3032; x_wconf 69' lang='lat' dir='ltr'><strong>‘quinque</strong></span> <span class='ocrx_word' id='word_1_156' title='bbox 472 2953 515 3002; x_wconf 85' lang='lat' dir='ltr'><strong>ea</strong></span> <span class='ocrx_word' id='word_1_157' title='bbox 524 2928 850 3028; x_wconf 81' lang='lat' dir='ltr'><strong>magnitudine,ut</strong></span> <span class='ocrx_word' id='word_1_158' title='bbox 861 2925 1071 3000; x_wconf 85' lang='lat' dir='ltr'><strong>mediocres</strong></span> <span class='ocrx_word' id='word_1_159' title='bbox 1080 2925 1160 3002; x_wconf 82' lang='lat' dir='ltr'><strong>fere</strong></span> <span class='ocrx_word' id='word_1_160' title='bbox 1169 2951 1293 3028; x_wconf 81' lang='lat' dir='ltr'><strong>aequa·</strong></span> 
     </span>
     <span class='ocr_line' id='line_1_23' title="bbox 277 3045 1295 3144; baseline -0.001 -25"><span class='ocrx_word' id='word_1_161' title='bbox 277 3054 372 3119; x_wconf 83' lang='lat' dir='ltr'><strong>&#39;rent</strong></span> <span class='ocrx_word' id='word_1_162' title='bbox 385 3071 543 3144; x_wconf 86' lang='lat' dir='ltr'><strong>uvarum</strong></span> <span class='ocrx_word' id='word_1_163' title='bbox 557 3047 711 3118; x_wconf 73' lang='lat' dir='ltr'><strong>acinos:</strong></span> <span class='ocrx_word' id='word_1_164' title='bbox 730 3061 914 3144; x_wconf 82' lang='lat' dir='ltr'><strong>erantque</strong></span> <span class='ocrx_word' id='word_1_165' title='bbox 932 3045 1062 3118; x_wconf 80' lang='lat' dir='ltr'><strong>omnia</strong></span> <span class='ocrx_word' id='word_1_166' title='bbox 1082 3069 1166 3144; x_wconf 84' lang='lat' dir='ltr'><strong>quae</strong></span> <span class='ocrx_word' id='word_1_167' title='bbox 1189 3061 1295 3118; x_wconf 88' lang='lat' dir='ltr'><strong>uter·</strong></span> 
     </span>
     <span class='ocr_line' id='line_1_24' title="bbox 275 3157 1292 3266; baseline -0.002 -30"><span class='ocrx_word' id='word_1_168' title='bbox 275 3187 362 3266; x_wconf 75' lang='lat' dir='ltr'><strong>&#39;que</strong></span> <span class='ocrx_word' id='word_1_169' title='bbox 389 3164 626 3252; x_wconf 86' lang='lat' dir='ltr'><strong>invenimus,</strong></span> <span class='ocrx_word' id='word_1_170' title='bbox 657 3161 900 3261; x_wconf 69' lang='lat' dir='ltr'>globulorum</span> <span class='ocrx_word' id='word_1_171' title='bbox 918 3157 1067 3250; x_wconf 80' lang='lat' dir='ltr'><strong>lorma3</strong></span> <span class='ocrx_word' id='word_1_172' title='bbox 1094 3185 1183 3234; x_wconf 83' lang='lat' dir='ltr'><strong>curn</strong></span> <span class='ocrx_word' id='word_1_173' title='bbox 1204 3163 1292 3234; x_wconf 87' lang='lat' dir='ltr'><strong>Rei·</strong></span> 
     </span>
     <span class='ocr_line' id='line_1_25' title="bbox 278 3279 1294 3370; baseline -0.004 -14"><span class='ocrx_word' id='word_1_174' title='bbox 278 3289 411 3356; x_wconf 85' lang='lat' dir='ltr'><strong>&#39;marus</strong></span> <span class='ocrx_word' id='word_1_175' title='bbox 438 3305 518 3353; x_wconf 89' lang='lat' dir='ltr'><strong>non</strong></span> <span class='ocrx_word' id='word_1_176' title='bbox 544 3279 615 3352; x_wconf 86' lang='lat' dir='ltr'><strong>nisi</strong></span> <span class='ocrx_word' id='word_1_177' title='bbox 632 3302 751 3352; x_wconf 89' lang='lat' dir='ltr'><strong>unum</strong></span> <span class='ocrx_word' id='word_1_178' title='bbox 775 3295 981 3368; x_wconf 86' lang='lat' dir='ltr'><strong>memoret,</strong></span> <span class='ocrx_word' id='word_1_179' title='bbox 996 3293 1060 3350; x_wconf 79' lang='lat' dir='ltr'><strong>aut</strong></span> <span class='ocrx_word' id='word_1_180' title='bbox 1079 3303 1294 3370; x_wconf 85' lang='lat' dir='ltr'><strong>summum,</strong></span> 
     </span>
     <span class='ocr_line' id='line_1_26' title="bbox 274 3393 1292 3497; baseline -0.002 -25"><span class='ocrx_word' id='word_1_181' title='bbox 274 3400 384 3488; x_wconf 91' lang='lat' dir='ltr'><strong>&#39;du0,</strong></span> <span class='ocrx_word' id='word_1_182' title='bbox 400 3420 471 3469; x_wconf 87' lang='lat' dir='ltr'><strong>nec</strong></span> <span class='ocrx_word' id='word_1_183' title='bbox 496 3395 547 3469; x_wconf 87' lang='lat' dir='ltr'><strong>de·</strong></span> <span class='ocrx_word' id='word_1_184' title='bbox 558 3395 818 3495; x_wconf 85' lang='lat' dir='ltr'><strong>magnitudine</strong></span> <span class='ocrx_word' id='word_1_185' title='bbox 842 3411 906 3468; x_wconf 80' lang='lat' dir='ltr'><strong>aut</strong></span> <span class='ocrx_word' id='word_1_186' title='bbox 932 3393 1054 3494; x_wconf 80' lang='lat' dir='ltr'><strong>figura</strong></span> <span class='ocrx_word' id='word_1_187' title='bbox 1079 3396 1292 3497; x_wconf 81' lang='lat' dir='ltr'><strong>quidquam</strong></span> 
     </span>
     <span class='ocr_line' id='line_1_27' title="bbox 275 3510 1293 3614; baseline -0.003 -25"><span class='ocrx_word' id='word_1_188' title='bbox 275 3517 454 3604; x_wconf 78' lang='lat' dir='ltr'><strong>indicet,</strong></span> <span class='ocrx_word' id='word_1_189' title='bbox 487 3513 561 3587; x_wconf 90' lang='lat' dir='ltr'><strong>nisi</strong></span> <span class='ocrx_word' id='word_1_190' title='bbox 590 3537 711 3585; x_wconf 85' lang='lat' dir='ltr'><strong>unum</strong></span> <span class='ocrx_word' id='word_1_191' title='bbox 744 3510 858 3585; x_wconf 84' lang='lat' dir='ltr'><strong>fuisse</strong></span> <span class='ocrx_word' id='word_1_192' title='bbox 888 3511 987 3584; x_wconf 88' lang='lat' dir='ltr'><strong>mele</strong></span> <span class='ocrx_word' id='word_1_193' title='bbox 1017 3517 1165 3585; x_wconf 82' lang='lat' dir='ltr'><strong>circiter</strong></span> <span class='ocrx_word' id='word_1_194' title='bbox 1188 3513 1293 3614; x_wconf 82' lang='lat' dir='ltr'><strong>plta-</strong></span> 
     </span>
     <span class='ocr_line' id='line_1_28' title="bbox 285 3629 1292 3729; baseline -0.002 -21"><span class='ocrx_word' id='word_1_195' title='bbox 285 3633 428 3708; x_wconf 82' lang='lat' dir='ltr'><strong>seolum</strong></span> <span class='ocrx_word' id='word_1_196' title='bbox 447 3654 613 3729; x_wconf 80' lang='lat' dir='ltr'><strong>cequans.</strong></span> <span class='ocrx_word' id='word_1_197' title='bbox 643 3630 742 3702; x_wconf 83' lang='lat' dir='ltr'><strong>Mihi</strong></span> <span class='ocrx_word' id='word_1_198' title='bbox 765 3645 890 3701; x_wconf 87' lang='lat' dir='ltr'><strong>autern</strong></span> <span class='ocrx_word' id='word_1_199' title='bbox 909 3629 1157 3728; x_wconf 80' lang='lat' dir='ltr'><strong>peculiariter</strong></span> <span class='ocrx_word' id='word_1_200' title='bbox 1190 3633 1292 3706; x_wconf 83' lang='lat' dir='ltr'><strong>acci·</strong></span> 
     </span>
     <span class='ocr_line' id='line_1_29' title="bbox 290 3745 1294 3846; baseline 0.002 -24"><span class='ocrx_word' id='word_1_201' title='bbox 290 3752 364 3839; x_wconf 89' lang='lat' dir='ltr'><strong>dit,</strong></span> <span class='ocrx_word' id='word_1_202' title='bbox 391 3747 435 3822; x_wconf 77' lang='lat' dir='ltr'><strong>in</strong></span> <span class='ocrx_word' id='word_1_203' title='bbox 457 3773 535 3820; x_wconf 93' lang='lat' dir='ltr'><strong>non</strong></span> <span class='ocrx_word' id='word_1_204' title='bbox 561 3751 689 3830; x_wconf 81' lang='lat' dir='ltr'><strong>omnia</strong></span> <span class='ocrx_word' id='word_1_205' title='bbox 711 3747 953 3846; x_wconf 85' lang='lat' dir='ltr'><strong>cartilagineo</strong></span> <span class='ocrx_word' id='word_1_206' title='bbox 980 3747 1120 3820; x_wconf 78' lang='lat' dir='ltr'><strong>cortice</strong></span> <span class='ocrx_word' id='word_1_207' title='bbox 1135 3745 1294 3837; x_wconf 77' lang='lat' dir='ltr'><strong>induta,</strong></span> 
     </span>
     <span class='ocr_line' id='line_1_30' title="bbox 288 3864 1295 3966; baseline 0.001 -27"><span class='ocrx_word' id='word_1_208' title='bbox 288 3866 356 3940; x_wconf 88' lang='lat' dir='ltr'><strong>sed</strong></span> <span class='ocrx_word' id='word_1_209' title='bbox 386 3866 495 3966; x_wconf 86' lang='lat' dir='ltr'><strong>plura</strong></span> <span class='ocrx_word' id='word_1_210' title='bbox 520 3865 728 3937; x_wconf 86' lang='lat' dir='ltr'><strong>invenerim</strong></span> <span class='ocrx_word' id='word_1_211' title='bbox 759 3864 917 3935; x_wconf 88' lang='lat' dir='ltr'><strong>omnino</strong></span> <span class='ocrx_word' id='word_1_212' title='bbox 947 3887 1075 3953; x_wconf 32' lang='lat' dir='ltr'><strong>,ossea5</strong></span> <span class='ocrx_word' id='word_1_213' title='bbox 1100 3879 1139 3937; x_wconf 78' lang='lat' dir='ltr'><strong>at</strong></span> <span class='ocrx_word' id='word_1_214' title='bbox 1167 3865 1295 3944; x_wconf 74' lang='lat' dir='ltr'><strong>soluta</strong></span> 
     </span>
     <span class='ocr_line' id='line_1_31' title="bbox 284 3981 1293 4083; baseline 0.003 -25"><span class='ocrx_word' id='word_1_215' title='bbox 284 3983 407 4074; x_wconf 83' lang='lat' dir='ltr'><strong>nulla,</strong></span> <span class='ocrx_word' id='word_1_216' title='bbox 430 3985 494 4060; x_wconf 82' lang='lat' dir='ltr'><strong>sed</strong></span> <span class='ocrx_word' id='word_1_217' title='bbox 511 3985 637 4056; x_wconf 81' lang='lat' dir='ltr'><strong>omnia</strong></span> <span class='ocrx_word' id='word_1_218' title='bbox 657 3981 961 4083; x_wconf 79' lang='lat' dir='ltr'><strong>cartilaginibus,</strong></span> <span class='ocrx_word' id='word_1_219' title='bbox 978 3981 1037 4060; x_wconf 82' lang='lat' dir='ltr'><strong>vel</strong></span> <span class='ocrx_word' id='word_1_220' title='bbox 1053 3983 1184 4082; x_wconf 84' lang='lat' dir='ltr'><strong>potius</strong></span> <span class='ocrx_word' id='word_1_221' title='bbox 1202 4009 1293 4060; x_wconf 84' lang='lat' dir='ltr'><strong>mu·</strong></span> 
     </span>
    </p>
   </div>
   <div class='ocr_carea' id='block_1_5' title="bbox 0 0 1429 4648">
    <p class='ocr_par' dir='ltr' id='par_1_5' title="bbox 0 0 1429 4648">
     <span class='ocr_line' id='line_1_32' title="bbox 0 0 1429 4648; baseline 0 0"><span class='ocrx_word' id='word_1_222' title='bbox 0 0 1429 4648; x_wconf 95' lang='lat' dir='ltr'><strong> </strong></span> 
     </span>
    </p>
   </div>
  </div>
 </body>
</html>
