2700 4660
49 452 115 498 nr.
136 455 189 500 ιιι.
207 455 253 500 nn
266 452 609 519 montanensem,
622 445 690 502 etc.
703 457 814 506 rrrsr.
828 457 928 508 cvm.
958 435 1030 513 aot

28 567 231 660 proximis,
250 581 314 637 aut
344 567 548 676 interjectis
578 569 880 668 cartilaginibus,
907 577 960 647 sic
990 591 1034 647 ut

25 682 69 754 ad
82 685 313 756 memoriam
329 685 421 755 mihi
446 685 660 784 redegerint
678 711 800 761 crassa
817 689 880 761 illa
895 693 1034 765 cartila-

27 803 130 900 ginea
161 804 384 900 ligamenta,
414 827 494 900 quae
526 805 748 903 interposita
772 807 1033 882 vertebrarum

27 923 255 1021 corporibus
270 947 355 994 curn
373 919 451 994 haec
472 921 544 993 alte
561 921 609 994 ab
628 940 888 1021 aneurysmate
906 930 1034 1000 vitiata

27 1057 170 1130 essent;
189 1043 271 1140 ipsa
301 1039 457 1137 quidem
475 1039 586 1111 illaesa
615 1028 852 1139 dep‘rehendi
872 1045 948 1142 (ι),
976 1061 1032 1117 ta·

27 1183 109 1228 men
121 1183 215 1230 cum
227 1159 336 1230 Petiti
354 1157 425 1227 illae
442 1156 723 1232 observationes
748 1184 835 1232 eum
855 1161 1032 1234 morbum

29 1301 223 1374 nunquam
247 1277 288 1346 in
314 1272 486 1374 pluribus
509 1277 621 1347 simul
648 1276 845 1374 partibus,
884 1303 1032 1378 semper

28 1408 149 1466 autem
182 1420 271 1466 cum
301 1409 451 1464 tumore
488 1395 736 1490 conjunctum
755 1375 988 1492 proferant,
1009 1424 1030 1468 a

30 1533 82 1581 me
110 1511 270 1609 quidem
288 1523 486 1608 nequeunt
502 1500 648 1582 adeam
667 1537 744 1609 qua
764 1511 811 1584 de
834 1513 1029 1610 loquimur
1137 1565 1141 1572 ·

32 1631 190 1725 speciem
210 1627 353 1701 referri.
372 1628 443 1700 Sed
458 1651 589 1725 *neque
612 1629 691 1700 aliae
711 1630 858 1728 plures,
879 1646 921 1702 ut
937 1647 1029 1729 puta

32 1769 106 1842 quae
119 1773 166 1820 ex
181 1747 405 1819 Maueharto
424 1747 479 1844 (a)
495 1761 552 1817 est
567 1748 607 1816 in
622 1749 780 1819 summis
798 1750 891 1821 ossis
918 1747 1030 1821 ferne

34 1864 78 1933 ris
103 1863 275 1963 partibus
302 1861 556 1962 amplificatis,
589 1879 626 1934 et
645 1861 740 1935 aden
760 1865 961 1956 mollibus,
986 1885 1030 1939 ut

33 1981 193 2080 scalpelli
227 1983 450 2070 manubria,
482 1981 560 2050 imo
596 1981 721 2080 digitis
763 1981 960 2072 cederent,
992 2000 1029 2056 et
1129 1984 1131 1988 ’

33 2120 183 2198 pressae,
198 2115 394 2172 cruentam
416 2098 618 2196 quamdam
649 2099 855 2172 medullam
881 2101 1028 2172 emitte·
1148 2085 1156 2090 .

35 2232 109 2288 rent
142 2219 222 2314 ejus
257 2217 524 2315 similemque
553 2218 593 2287 in
622 2219 776 2288 minutis
805 2233 860 2290 est
885 2221 1027 2290 ossium

34 2333 187 2422 cellulis,
207 2350 270 2406 aut
296 2361 378 2432 quae
404 2333 462 2406 his
480 2334 579 2407 edita
600 2349 719 2408 estex
737 2335 894 2406 Nebelio
912 2335 966 2432 (3)
985 2339 1024 2408 in

35 2452 142 2525 multo
161 2453 296 2550 majori
324 2452 494 2548 ejusdem
518 2453 610 2524 ossis
636 2469 758 2550 parte,
790 2454 830 2523 in
861 2455 1025 2554 amplam

35 2590 180 2644 massam
205 2572 455 2661 albicantem,
483 2572 799 2670 spongiosamque
820 2595 1025 2656 conversa,
1138 2667 1141 2676 Ἰ

36 2687 97 2759 nisi
128 2689 235 2789 quod
260 2691 443 2775 minimae,
482 2704 518 2759 et
546 2689 833 2786 quamplurima
869 2687 1024 2758 lamellae

38 2802 121 2880 intra
144 2809 244 2880 hanc
278 2806 403 2879 divisae
428 2821 672 2905 supererant,
698 2820 734 2876 et
759 2804 1024 2876 medullarium

38 2940 182 3015 systema
206 2925 465 2997 semilacerum
489 2938 526 2994 et
553 2923 803 3006 exinanitum,
833 2923 1020 3022 complec-
1072 2929 1074 2935 ‘

39 3049 126 3114 tente
152 3045 280 3116 omnia
305 3039 526 3112 membrana
549 3040 652 3128 alba,
679 3039 913 3124 duriuscula‚
945 3041 1022 3114 imo

40 3149 103 3229 lere
135 3159 394 3257 cartilaginea,
426 3183 508 3254 quae
539 3157 761 3254 periostium
785 3156 928 3228 credita
954 3173 1021 3252 est.

40 3273 244 3370 Cujusmodi
265 3274 522 3346 membranam
549 3275 596 3347 ab
620 3273 831 3348 Alexandro
850 3279 1035 3348 Camera·

41 3388 87 3460 rio
114 3395 166 3492 (4)
198 3417 354 3492 qnoque
383 3409 624 3491 conspectam
659 3391 826 3482 videbis,
856 3405 1025 3466 tumores

665 3565 1033 3588 »affl-affl

74 3691 110 3770 (r)
127 3697 220 3772 Epist.
234 3703 286 3766 4ο,
297 3715 327 3752 ιι.
343 3695 380 3752 26
395 3705 424 3750 et
437 3713 485 3770 ²9·

74 3791 112 3872 (a)
129 3797 205 3872 Eph.
220 3799 258 3853 N.
269 3799 301 3854 C.
317 3806 394 3854 cent.
410 3813 446 3870 9,
464 3795 528 3851 obs.
543 3795 590 3850 30.

75 3889 109 3970 (3)
128 3899 192 3952 Act.
205 3898 243 3953 N.
259 3899 292 3954 C.
304 3907 375 3952 tom.
392 3915 424 3966 1,
442 3895 508 3951 obs.
525 3892 576 3967 15,
593 3906 621 3954 et
638 3905 710 3951 tom.
726 3889 759 3964 5,
776 3889 839 3946 obs.
857 3907 922 3946 ιιι.

75 3989 113 4070 ll)
130 3997 213 4054 Tem.
226 3997 293 4056 eod.
312 4016 342 4068 r,
361 3995 425 4053 obs.
440 3994 488 4052 53.
