2700 4660
290 352 363 432 256
458 374 505 428 us
530 342 744 429 seniensis
769 369 893 427 crusis
917 369 1128 428 uonaonust
1328 322 1335 475 ξ

286 519 377 582 una,
392 490 438 564 'et
465 493 510 564 cl.
530 497 623 563 Just.
650 489 769 560 David
794 491 984 562 Hammeri
1005 490 1061 588 (r)
1091 490 1220 562 altera.
1241 485 1285 561 Ei
1330 518 1340 593 ¹*

286 608 516 684 torminibus
533 610 654 694 enim,
678 607 899 695 vomitibus,
918 607 1214 703 dejectionibus,
1229 632 1285 677 an·

286 726 484 800 arietatihus
494 779 504 814 ,
514 725 704 821 deliquiis,
717 724 794 810 siti,
804 749 886 820 quae
901 725 1097 822 inprime,
1116 740 1155 798 et
1165 751 1210 797 ex
1219 727 1284 811 siti,
1330 715 1336 810 ἰ

288 861 397 932 aestu,
416 844 630 941 sanguineis
646 839 944 938 dejectionibus,
968 868 1051 940 quae
1068 844 1109 914 iu
1128 843 1286 916 secunda
1331 846 1337 955 ζ

291 965 485 1062 legunturt
514 975 595 1030 tum
622 984 666 1032 ex
695 961 766 1030 cita
794 974 915 1032 morte
939 985 1023 1056 quaa
1046 961 1086 1030 in
1109 975 1286 1056 'utraque3
1335 959 1336 964 ’

286 1082 452 1175 itemque
489 1103 534 1150 ex
562 1079 658 1150 cutis
678 1078 861 1150 universae
893 1077 1073 1165 maculis,
1097 1081 1218 1150 totius
1235 1077 1286 1146 uli·
1333 1072 1338 1111 2*

286 1195 501 1268 mentorum
526 1194 664 1266 canalis
686 1193 914 1266 rubentibus
934 1193 1194 1292 stigmatibus,
1221 1217 1287 1264 om·
1342 1241 1343 1244 =

285 1316 478 1416 niumquel
494 1312 574 1408 ejus
604 1311 817 1384 tunicarum
839 1309 968 1384 subtili
992 1310 1055 1383 hic
1077 1311 1156 1383 illie
1176 1307 1286 1410 perfo-
1342 1337 1345 1342 ·

285 1432 539 1526 ratione,quae
553 1430 593 1500 in
606 1429 750 1525 prima,
762 1443 853 1500 etex
870 1427 1061 1507 cadaveris
1076 1443 1160 1499 atro
1175 1441 1285 1526 poste·
1342 1443 1345 1458 ¹

285 1549 364 1620 rius
381 1547 527 1635 colore,
544 1533 745 1618 uentriculi
757 1562 821 1634 ,et
837 1547 1105 1643 intestinorum
1120 1547 1283 1618 omnium

287 1665 597 1763 magnaexterius
610 1663 907 1736 inflammatione
916 1665 1282 1752 ,interiuserosione‚
1342 1681 1345 1720 1

284 1808 368 1882 quae
388 1783 427 1854 iu
454 1779 619 1854 secunda
639 1795 928 1880 proponuntur,
957 1783 1044 1854 satis
1065 1797 1216 1854 constat
1233 1803 1283 1849 ve·

282 1925 425 1974 uenum
447 1897 649 1995 utrubique
679 1901 916 1970 corrosivum
944 1913 1082 1972 cuncta
1105 1897 1281 2007 effecisse,
1343 1943 1345 1953 .

283 2017 431 2096 tametsi
462 2015 656 2112 quodnam
686 2016 728 2088 id·
756 2013 987 2114 fuerit,.pro
1012 2031 1118 2088 certo
1144 2041 1223 2088 non
1244 2013 1280 2084 li·
1336 2021 1343 2070 Ἀ

285 2149 407 2232 queat.
439 2137 548 2206 Certe
562 2147 695 2206 autem
714 2158 735 2219 a
755 2147 906 2231 sumpto
933 2134 1104 2205 arsenico
1126 2131 1230 2208 fuere
1250 2141 1282 2200 et
1340 2165 1345 2187 .

283 2263 555 2348 symptomata,
569 2265 606 2320 et
621 2251 813 2322 ¹viscerum
830 2249 991 2350 labes-in
1012 2248 1178 2323 historiis
1197 2267 1279 2347 quas

284 2367 449 2466 pressius
463 2364 652 2439 indicabo.
673 2367 933 2463 Preussius(2)
949 2365 1134 2456 faucium,
1155 2384 1202 2458 et
1209 2387 1280 2462 pec·

284 2485 378 2558 toris
402 2485 731 2572 constrictionem,
749 2485 875 2573 sitim,
905 2484 1079 2572 ardores,
1101 2487 1279 2570 rosiones,
1344 2499 1345 2515 ¹

283 2603 469 2689 tormina,
492 2603 676 2672 immanes
692 2603 876 2690 vomitus,
899 2617 936 2673 et
963 2601 1193 2697 dejectiones
1211 2623 1278 2672 me·
1336 2661 1337 2664 ,

284 2725 418 2794 morat.
435 2709 626 2792 Laudatus
645 2719 827 2790 Mullerus
845 2718 899 2816 (3)
921 2735 1054 2818 praeter
1072 2721 1152 2792 haec
1170 2737 1205 2794 et
1223 2719 1278 2789 do·
1344 2769 1345 2772 ,

284 2840 384 2912 lores
395 2837 557 2924 ventris,
576 2833 690 2931 hujus
708 2860 864 2934 quoque
889 2839 1013 2908 statim
1031 2821 1276 2914 intumescen·
1344 2860 1345 2889 ³

285 2957 399 3042 tiam,
430 2968 467 3024 et
496 2953 711 3024 anxietates.
738 2954 940 3026 Mauricius
966 2952 1214 3028 Hoffmannus
1231 2948 1276 3050 (lt)
1344 2964 1345 2974 ’

285 3072 444 3144 celerem
474 3070 635 3166 pariter,
671 3067 736 3140 sed
767 3070 886 3142 multo
917 3075 1117 3144 maximam
1148 3071 1275 3145 ventris
1344 3081 1345 3094 *

285 3185 631 3274 intumescentiam,
658 3183 764 3260 faciei
800 3187 977 3278 livorem,
1011 3191 1225 3278 oculorum,
1246 3198 1274 3256 et

323 3559 368 3638 (1)
389 3561 552 3643 Commerc.
564 3559 655 3638 litter.
670 3577 720 3616 an.
737 3559 828 3632 1738,
843 3529 1047 3636 hebd.,1o,'n.
1060 3561 1090 3620 3.

325 3675 369 3759 (a)
388 3670 463 3750 Eph.
479 3678 516 3734 N.
533 3678 566 3732 C.
579 3685 656 3732 cent.
671 3676 706 3748 3,
720 3677 785 3733 obs.
802 3675 847 3734 15.
912 3678 916 3694 ¹

324 3787 367 3872 (3)
377 3791 461 3866 ons.
474 3792 564 3866 paulo
577 3801 646 3871 ante
660 3789 709 3846 cit.
723 3791 755 3848 in
770 3793 864 3850 schol.

323 3903 368 3984 (t)
385 3905 464 3982 Eph.
478 3907 516 3964 N.
533 3905 657 3982 C.,ceut.
670 3924 690 3982 9
704 3917 733 3966 ct
748 3925 799 3982 10,
815 3903 944 3988 append.
958 3924 990 3967 n.
1006 3927 1019 3972 ι
1027 3943 1037 3984 ,
1050 3906 1116 3982 obs,
1131 3909 1178 3970 38.
