2748 4664
253 394 323 494 278
370 443 374 456 «
417 418 463 466 na
490 417 636 468 surmus
661 417 706 465 rr
731 399 857 466 crusrs
880 415 1092 466 nonronmr

20 521 32 530 ¹
139 550 142 556 “
250 531 461 606 ventriculo
481 533 618 603 veneni
639 529 903 632 pausillulum,
930 530 995 604 sed
1024 532 1148 603 multo
1175 557 1260 606 cum

251 651 360 739 cibo,
378 649 627 748 deglutiatur3'
645 651 784 719 mirum
804 671 883 719 non
903 663 976 736 est,
1001 651 1032 720 si
1049 649 1169 722 levius
1190 675 1262 749 pe·¹
1371 639 1372 664 ἶ

249 769 413 841 riculum
438 767 512 838 fiat.
543 767 602 838 Sic
622 768 723 838 enim
736 746 937 867 ‘venenum
969 781 1034 838 aut
1062 783 1214 839 arcetur
1243 793 1262 838 a
1371 767 1372 790 ³

247 885 448 990 ventriculi
469 885 606 956 tunicis
618 938 629 971 ,
656 898 719 955 aut
738 884 867 956 multis
895 883 1064 956 admistis
1087 885 1263 956 retundi·
1371 957 1372 968 ,

223 992 224 996 “
248 996 321 1078 fur.
338 1005 553 1076 Secundum
571 1001 671 1091 haec,
690 1000 873 1100 pleraque
890 1027 1024 1074 eorum
1042 1028 1125 1100 quse
1145 1027 1262 1102 supra
1371 1045 1372 1112 p

249 1117 566 1218 anobis‘scripta
592 1135 698 1208 sunt,
733 1121 921 1222 explicare
947 1121 1045 1192 licet.
1075 1121 1261 1218 Pleraque

249 1241 353 1328 dixie
379 1263 468 1314 nam
489 1237 658 1336 quaedam
694 1253 785 1312 sunt
818 1235 990 1336 profecto
1025 1235 1263 1328 difficiliora,

248 1357 343 1429 i'llud
358 1359 398 1428 in
419 1359 574 1455 primis,
594 1381 663 1428 cur
683 1355 920 1428 sacerdotem
937 1357 992 1454 (1)
1008 1356 1162 1431 dolores
1179 1375 1263 1430 non

138 1505 142 1525 ¹
249 1479 290 1547 in
327 1475 528 1548 ventriculi
557 1475 739 1574 regione,
776 1474 842 1546 sed
874 1477 919 1577 1¹¹,
950 1474 1131 1572 epicolioa
1175 1475 1265 1547 dex·

248 1609 327 1667 tera
345 1595 608 1692 corripuerim.
639 1592 815 1686 Quodsi
840 1607 976 1692 quarto
1003 1593 1186 1664 duntaxat
1202 1595 1264 1666 die

247 1711 466 1801 accidisset3
509 1711 647 1807 conjici
683 1703 763 1784 tuni
803 1727 950 1809 posset,
990 1695 1173 1809 quasdam
1201 1735 1264 1782 ve·
1371 1765 1372 1778 2

247 1830 337 1902 neni
352 1831 575 1929 particulas,
599 1830 639 1899 in
660 1829 792 1928 primis
809 1829 976 1900 illis‘coli
996 1828 1166 1900 intestini
1185 1829 1263 1900 cel-

245 1948 333 2021 lulis
345 1963 510 2023 retentas
526 2003 536 2036 ,
552 1949 769 2047 pupugisse.
799 1951 890 2018 Mox
906 1961 1031 2020 autem
1062 1972 1082 2018 a
1107 1972 1261 2019 veneno
1275 2014 1277 2023 ,

239 2083 397 2166 ¹sumpto
407 2064 503 2155 ,nisi
521 2067 774 2139 ventriculum
789 2121 798 2154 ,
813 2081 857 2139 ut
870 2066 908 2134 in
921 2062 1151 2164 quibusdam
1175 2091 1260 2138 cor-

210 2228 212 2232 ·
245 2183 420 2284 poribus,
442 2197 527 2271 aut,
546 2185 725 2280 quoniam
742 2183 780 2253 id
799 2184 1030 2254 rarissimum
1049 2197 1130 2270 est,
1163 2183 1261 2257 duo-

246 2303 388 2374 denum
434 2301 654 2400 intestinum
679 2301 884 2398 aliquanto
910 2299 1100 2378 dexterius
1129 2297 1260 2392 fuisse,

189 2403 192 2409 ¹
228 2411 311 2490 'aut
336 2418 438 2489 aliud
474 2419 659 2516 ejusmodi
692 2418 1012 2504 comminisceris,
1040 2439 1122 2488 non
1148 2415 1258 2492 facile

196 2573 199 2581 ·
244 2535 440 2633 intelligas.

297 2677 350 2724 ιι.
371 2651 485 2742 Quod
503 2654 646 2746 veroin
668 2654 884 2742 curatione,
910 2648 1096 2741 theriaca,
1126 2655 1257 2728 aliisve

244 2767 432 2868 ejusmodi
458 2770 637 2869 antidotis
653 2751 728 2859 uti,
750 2770 916 2840 mihine
933 2771 1080 2841 venerit
1098 2766 1255 2869 quidem

242 2891 283 2958 in
300 2903 489 2974 mentem,
507 2886 606 2957 nihil
623 2891 848 2960 miraturum
870 2867 906 2958 te
921 2889 1009 2958 scio.
1036 2891 1116 2959 Cur
1133 2893 1253 2975 enim,

244 3023 330 3079 cum
352 3005 515 3078 erodens
536 3026 727 3076 venenum
758 3029 837 3076 esse
878 3027 1092 3092 censerem,
1122 3007 1253 3082 oleum

244 3122 392 3197 camino
411 3102 606 3209 adderem,
625 3121 797 3219 illudque
817 3123 935 3219 magis
951 3111 1252 3226 commoverem,

211 3261 213 3272 ⁴
243 3257 309 3313 aut
327 3254 427 3340 certe
445 3235 691 3334 'ejuseffectus
704 3241 905 3338 augerem?
924 3245 969 3311 Et
978 3265 1066 3312 sane
1076 3243 1252 3316 videbam

241 3358 288 3444 de
309 3372 473 3454 quatuor
498 3381 598 3453 quos·
616 3359 761 3446 curavi,
787 3383 885 3430 cum·
906 3383 1007 3430 unus
1042 3359 1250 3440 theriacam

225 3501 307 3550 sua
324 3489 458 3576 sponte
478 3476 724 3574 sumpsisset(
750 3476 788 3572 ),
807 3477 862 3547 illi
887 3491 1017 3550 festum
1044 3463 1247 3576 ventriculi

172 3635 174 3640 ·
246 3607 492 3672 esseauctum
509 3619 517 3661 ε
536 3619 613 3692 quo
633 3596 758 3666 minus
778 3597 919 3679 miror,
938 3619 1103 3692 Puerum
1124 3598 1165 3668 in
1192 3589 1248 3672 Se·

267 3867 319 3953 (1)
342 3873 452 3951 Supra,
467 3897 497 3934 n.
513 3897 528 3950 7
543 3890 572 3935 et
584 3879 613 3936 8.
694 3859 695 3868 ἵ

275 3977 319 4058 (a)
339 3978 378 4038 N.
403 3995 430 4052 7.
