2732 4654
129 444 200 498 m.
214 450 264 498 iv.
283 443 476 504 nruonms
487 438 683 506 cultuum,
699 434 769 494 etc.
788 443 899 494 misr.
915 443 987 492 nir.
1012 417 1089 496 '381‘

79 556 285 634 brachium
304 563 531 659 astringere,
550 583 598 630 ne
614 553 810 655 montius,
837 557 1087 656 quam'illud,

30 767 38 772 ξ
82 679 289 754 morderet.
313 677 415 769 Quid
443 678 545 748 euim
566 674 668 746 aliud
688 674 759 746 illae
782 673 1000 771 quaerebant
1020 701 1090 746 an-

83 794 179 866 cillae
193 795 293 883 duae,
311 797 385 871 nisi
403 810 446 868 ut
456 793 590 868 eodem
610 793 721 866 simul
737 814 826 875 cum
839 791 994 864 domina
1011 792 1088 866 fato

81 911 304 1003 interirent,
323 911 605 986 contubernalis
617 907 794 981 Eunuchi
815 908 1025 1006 exemplum
1040 933 1089 984 se·

82 1037 196 1116 cutae,
216 1055 330 1128 quem
355 1031 428 1102 Dio
444 1026 503 1125 (ι)
529 1025 664 1112 refert,
685 1027 807 1098 statim
831 1049 876 1100 ac
905 1050 949 1097 ea
980 1043 1090 1126 capta

83 1142 177 1236 tuit,
200 1138 428 1246 serpentibus
455 1169 555 1217 sese
588 1143 687 1215 ultro
713 1141 959 1216 mordendum
984 1171 1090 1243 prce·

82 1264 218 1334 baisse.
240 1263 398 1361 Reliqua
416 1276 541 1335 autem
565 1285 648 1358 quae
667 1260 714 1332 de
734 1259 861 1348 molli,
879 1260 1090 1359 timidoque

83 1373 291 1454 mulierum
308 1381 435 1454 animo
451 1379 498 1452 de
517 1401 593 1452 una
614 1376 741 1477 aspide
760 1377 808 1449 ad
819 1392 895 1450 tres
913 1375 1092 1453 mulieres

82 1521 221 1569 morsu
242 1495 512 1574 interimendas
546 1519 625 1566 non
654 1495 742 1566 satis
761 1508 867 1593 apta,
891 1510 928 1572 et
950 1498 980 1567 si
1008 1519 1091 1593 quse

85 1613 278 1711 ejusmodi
305 1614 376 1688 alia
404 1629 469 1686 aut
489 1639 535 1686 ex
552 1612 691 1701 llediu,
712 1627 777 1688 aut
805 1612 956 1684 aliunde
978 1613 1094 1710 objici
1148 1661 1151 1670 ,

85 1746 287 1828 poterant,
317 1747 398 1803 tum
428 1729 537 1803 editis
566 1745 674 1800 antea
702 1728 886 1828 epistolis,
913 1744 992 1822 tum
1021 1729 1093 1802 hac

83 1873 245 1946 quoque
263 1845 357 1920 mihi
366 1847 498 1920 videor
514 1847 675 1919 diluisse.

138 1966 296 2054 noum
319 1965 435 2038 habui
454 1990 537 2065 quae
554 1964 601 2037 ad
632 1961 781 2046 easdem
806 1962 888 2036 illas
916 1965 1093 2063 epistolas

86 2081 288 2173 adderem,
302 2067 388 2156 non·
409 2098 452 2155 ut
481 2083 525 2156 iis
552 2106 634 2180 quae
654 2097 785 2155 contra
811 2082 1029 2180 ingeniose,
1056 2099 1108 2156 et·

86 2200 202 2276 docte
220 2201 336 2272 aviro
351 2201 585 2299 amplissimo
606 2201 743 2297 scripta
762 2195 869 2288 snut,
888 2215 1093 2299 antepone-

86 2325 174 2406 res,
194 2315 259 2389 sed
277 2331 319 2392 ut
333 2317 477 2392 collatis
493 2317 592 2390 inter
603 2341 641 2390 se
660 2319 851 2414 utrisque,
867 2314 1011 2390 facilius
1025 2317 1096 2390 tibi

87 2451 188 2510 esset
205 2434 406 2534 dispicere,
428 2460 475 2506 an
490 2459 561 2534 pro
579 2459 628 2509 ea.
647 2435 776 2508 saltem
797 2449 902 2532 parte
929 2436 1095 2508 steterim

86 2578 216 2652 queen
242 2552 323 2624 veri
347 2551 592 2624 similitudine
618 2575 696 2622 non
723 2549 835 2648 longe
865 2550 1028 2647 denique
1052 2553 1093 2622 in

85 2669 342 2769 disputatione
360 2669 430 2740 hae
441 2667 653 2741 abhorreat.
674 2671 765 2758 Quae
784 2667 853 2740 etsi
869 2691 937 2764 per
954 2689 992 2738 se
1013 2693 1093 2740 non

86 2789 218 2887 magni
229 2787 413 2858 momenti
431 2801 487 2858 est
496 2814 509 2874 ,·
525 2785 576 2856 ob
593 2809 636 2856 ea
652 2799 779 2855 tamen
791 2806 873 2882 quae
886 2784 968 2879 ejus
983 2808 1095 2858 eausa

84 2921 168 2978 tum
184 2929 229 2976 ex
242 2904 396 2976 historia
408 2957 418 2992 ,
432 2919 511 2974 tum
530 2927 632 2974 exre
652 2901 819 2990 medica,
839 2914 920 2986 tum
940 2899 1093 2976 aliunde

84 3019 400 3120 etiam,proferrc
420 3017 696 3122 oportuit,tibi
713 3020 775 3090 cui
790 3032 915 3117 potest
932 3042 1011 3091 esse
1030 3019 1093 3092 ali·

84 3166 163 3238 qua
177 3137 332 3212 fortasse
351 3165 396 3212 cx
422 3152 532 3236 parte
555 3136 681 3226 utilis,
710 3134 859 3234 legendi
881 3132 1091 3230 fastidium,

83 3273 128 3330 ut
145 3258 307 3358 opinor,
323 3255 418 3326 mihi
433 3270 533 3328 certe
550 3233 759 3327 extremum
780 3252 883 3334 hunc
900 3253 1092 3330 scribendi

84 3373 257 3448 laborem
270 3371 459 3462 allevavit3
478 3387 521 3444 ut
532 3370 673 3468 quibus
686 3368 832 3459 verbis,
848 3393 870 3440 a
885 3395 945 3444 me
958 3375 1091 3471 sepius

84 3490 281 3579 laudatus,
299 3503 432 3561 auctor
456 3487 614 3562 libride
634 3487 814 3560 Theriaca
828 3487 884 3585 (a)
911 3512 1016 3562 suam
1034 3485 1091 3564 Pi-
1200 3559 1204 3564 ,

29 3935 34 3947 ‚
123 3865 168 3945 (1)
187 3868 223 3924 L.
244 3863 280 3924 51
302 3864 352 3924 cit.

125 3964 168 4047 (α)
191 3967 228 4024 c.
254 3965 284 4024 s.
395 4012 398 4018 .
