2782 4652
285 398 355 488 472
451 415 496 490 uu
524 403 669 463 seorsus
694 414 738 460 er
763 411 887 464 cauus
912 412 1126 461 nouuoumu
1234 429 1237 436 =

285 521 481 600 dexterum
512 521 608 598 male
638 505 732 596 adeo
758 521 943 596 affectum
966 523 1222 629 reliqueram,
1241 539 1285 594 ut

284 641 379 714 nihil
391 640 549 713 videret.
564 645 740 714 Parentes
754 655 878 736 autem
899 639 1187 739 diullambeudo
1200 640 1287 712 hae-
1375 659 1376 676 ¹

284 773 394 832 tenus
412 755 677 858 proiecerunt,
703 771 746 830 ut
761 757 912 832 landem
936 757 1103 856 aliquid,
1123 758 1191 830 sed
1210 759 1288 846 vix,
1375 747 1376 764 ²

284 876 510 956 subrideret.
530 880 662 973 Neque
684 874 732 948 ab
758 875 824 948 illo
852 891 1028 974 tempore
1051 875 1112 948 ad.
1127 891 1289 950 mortem

285 1018 405 1094 usque
414 994 485 1082 ,ad
502 1017 643 1066 annum
660 994 833 1068 videlicet
847 993 1197 1092 quadragesimum,
1208 994 1288 1092 plus

285 1131 454 1210 uuquam
469 1110 572 1183 vidit.
598 1117 643 1184 Et
658 1115 794 1184 saueis
813 1112 947 1184 oculus
972 1131 1054 1184 non
1072 1110 1194 1184 modo
1215 1126 1289 1184 erat
1375 1135 1376 1160 ³

286 1229 405 1301 altero
431 1227 575 1316 minor,
610 1227 676 1300 sed
705 1251 842 1316 cornea
872 1228 982 1302 etiam
1016 1229 1118 1327 ipsa3
1154 1229 1200 1305 iu
1220 1251 1290 1326 qua
1375 1215 1376 1238 ¹

287 1345 434 1420 nullum
471 1346 700 1443 caeteroquin
732 1344 937 1444 apparebat
977 1345 1141 1418 laesionis
1183 1346 1292 1418 resti-

288 1463 409 1560 giunr,
426 1477 467 1532 ut
487 1461 622 1534 albedo
639 1487 721 1560 quae
744 1487 844 1560 pone
864 1464 964 1534 illam
988 1479 1096 1552 erat,
1118 1464 1293 1562 praeclare

227 1599 229 1602 ·
286 1579 604 1677 transpiceretur3
635 1601 811 1650 corneam
836 1580 992 1652 alteram
1009 1605 1089 1660 nou
1108 1579 1289 1677 aequabat.
1375 1611 1376 1640 ι

292 1695 533 1781 Scleroticam
548 1696 662 1793 igitur
675 1721 760 1770 curn
776 1721 798 1767 a
814 1713 923 1796 tergo
943 1698 1005 1770 vix
1028 1695 1201 1770 incidere
1223 1723 1295 1770 coe·
1375 1743 1376 1750 κ

290 1815 428 1914 pissem
443 1868 453 1898 ,
471 1813 627 1912 limpida
652 1839 751 1910 aqua
776 1815 898 1887 statim
926 1811 1090 1903 effluxit,
1120 1815 1163 1884 in
1184 1839 1293 1912 quam
1375 1813 1376 1870 l

286 1957 374 2030 pars
389 1956 524 2030 magna
535 1933 644 2004 vitrei
660 1932 831 2004 humoris
846 1932 966 2014 videri
975 1947 1134 2029 poterat
1142 1931 1298 2021 abiisse,

287 2075 374 2124 eum
393 2074 481 2149 pars
498 2051 643 2148 reliqua
659 2049 848 2139 ,naturali
866 2048 1134 2148 quadantenus
1144 2051 1293 2138 similis,
1375 2049 1376 2054 ’

287 2193 451 2253 annexa,
470 2181 514 2239 ut
539 2167 652 2253 solet,
671 2167 884 2264 crystallino
904 2167 1058 2238 humori
1069 2168 1294 2254 restitisset,

289 2287 357 2382 qui
373 2285 475 2354 illam
494 2308 580 2368 cum
595 2299 805 2358 retrorsum
824 2285 1034 2374 traherem,
1049 2300 1204 2358 secutus
1232 2299 1292 2357 est.

290 2406 325 2473 Is
350 2425 487 2499 parvus
511 2418 591 2484 erat
621 2403 830 2476 secuudum
855 2427 986 2476 omnes
1013 2403 1292 2488 dimensiones,

222 2511 223 2518 ἵ
291 2519 535 2607 crassitudine
557 2535 682 2594 autem
699 2522 758 2593 vel
779 2521 891 2620 paulo
913 2523 1039 2592 minor
1061 2512 1181 2619 quam
1201 2521 1296 2617 ejas-

288 2637 394 2720 modi
410 2638 524 2710 oculo
543 2641 773 2711 conveniret.
792 2641 899 2712 Facie
910 2639 1155 2734 anteriorem
1169 2639 1293 2712 medio

291 2770 371 2826 erat
391 2755 516 2844 albus,
542 2757 650 2828 sicuti
678 2781 766 2856 per„
782 2780 970 2830 corneam
992 2772 1295 2854 transmiseram,

291 2890 421 2946 caetera
451 2873 620 2964 alhidus;
660 2889 723 2963 et,
756 2898 843 2946 cum
877 2873 1138 2974 interdigitos
1167 2874 1296 2946 leviter
1375 2903 1376 2960 3

289 2992 598 3088 comprimerem,
622 2991 755 3064 mollis.
787 2996 882 3067 Cum
905 3015 997 3064 vero
1017 2993 1098 3088 ejus
1126 2995 1294 3064 tunicam

286 3107 458 3180 incidere·
468 3110 663 3206 coepissem
674 3161 686 3196 ,
708 3111 894 3188 continuo
919 3133 1015 3208 aqua
1039 3110 1184 3207 erupit,
1200 3107 1294 3182 nihil
1375 3119 1376 3128 ’

287 3223 480 3324 purulenti
502 3225 660 3316 habeus,
677 3228 755 3298 imo
769 3251 888 3326 pura,
908 3242 947 3300 et
970 3225 1144 3324 limpida,
1174 3251 1291 3324 eaque
1375 3231 1376 3234 ’

285 3341 393 3439 copia
410 3367 480 3440 pro
497 3341 678 3440 parvitate
697 3344 920 3441 crystallini,
945 3359 987 3416 ut
1011 3343 1073 3415 hic
1096 3344 1224 3416 statim
1246 3342 1290 3414 ad
1375 3337 1376 3398 ἓ

281 3459 405 3532 multo
420 3459 605 3533 minorem
620 3462 904 3534 crassitudinem
914 3460 1289 3560 redigeretur-Quid·

283 3577 377 3674 quid
397 3576 444 3650 de
469 3577 676 3654 substantia
700 3580 818 3677 ipsius
848 3580 1036 3677 reliquum
1051 3575 1153 3681 luit,
1180 3579 1286 3652 lentis

283 3695 480 3794 pristinam
505 3694 665 3794 figuram
686 3699 862 3786 retinuit3
881 3711 939 3786 et,
960 3701 1046 3768 cuni
1064 3719 1133 3794 per
1146 3695 1285 3768 diame-

283 3813 696 3910 trum-dissecuissem
734 3830 893 3912 utraque
927 3815 1042 3885 sectio
1083 3811 1283 3911 quamdam

164 4017 166 4022 Δ
278 3929 386 4024 quasi
406 3932 547 4002 seriem¹
571 3932 814 4004 minimarum
849 3931 1144 4029 nigrescentiurn
1177 3931 1282 4029 parti·
