2782 4652
114 423 997 512 nm.v.nnaonaunisnumn.surna10a.n'i›1sr.err.
1024 415 1096 504 415

77 553 161 624 ista
191 551 325 626 ultima
342 547 520 625 ebrietate
541 571 628 621 cnm
648 543 766 618 bomo
784 545 959 639 cubaret,
980 565 1094 649 atque

79 670 297 755 dormiret,
316 666 364 738 ad
391 665 587 764 pristinam
607 664 799 762 sanguinis
825 667 973 763 copiam
998 670 1096 742 mul·

78 801 172 858 tum
187 811 234 858 ex
248 784 293 858 iis
307 781 487 857 accedere
506 781 663 880 coepisse
680 805 763 878 quae
782 783 1100 891 ingurgitaverat,

78 927 130 978 ex
142 904 237 998 vino
253 902 473 1000 prasertim,
493 900 601 995 cnjus
620 895 1093 996 accessioniscumtantarn

77 1034 236 1116 partem
258 1018 380 1090 vesica
407 1017 635 1114 excepisset,
661 1017 809 1112 utplus
830 1021 1095 1118 posseadmit·
1167 1048 1170 1054 ·

77 1153 167 1212 tere
182 1159 263 1209 non
280 1133 496 1221 videretur,
512 1158 637 1231 neque
657 1133 792 1220 homo,
813 1137 956 1234 quippe
973 1137 1095 1210 ebrie·

76 1269 162 1326 tate
185 1269 224 1324 et
256 1275 391 1325 somno
417 1274 638 1350 oppressus,
663 1252 857 1350 mingendi
897 1257 1093 1326 necessita·
1165 1337 1167 1344 ¹

76 1386 163 1444 tem
182 1371 356 1456 sentiret,
370 1394 445 1466 qua
458 1370 603 1443 ratione
622 1369 748 1440 locum
763 1371 802 1440 iu
817 1371 938 1442 vesica
952 1371 1092 1446 iterum

77 1487 294 1586 paravisset
312 1485 465 1582 reliqum
490 1485 571 1558 lotii
599 1486 778 1574 materiae,
807 1486 950 1558 interea
975 1489 1014 1560 in
1041 1492 1094 1562 ab

76 1627 200 1677 neum
219 1603 411 1700 sanguinis
431 1601 613 1692 advectae3
633 1627 720 1680 cum
737 1603 832 1703 haec,
847 1606 1021 1701 inquam,
1040 1609 1092 1680 ita

76 1746 119 1794 se
139 1718 346 1808 haberent,
360 1719 532 1798 accidere
552 1719 742 1808 debuisse,
758 1736 800 1792 ut
819 1719 865 1794 ab
883 1747 926 1793 ea
942 1739 1090 1797 retenta

76 1838 243 1912 materia
262 1859 349 1910 vasa
363 1839 481 1934 magis
494 1836 818 1926 distenderentur,
836 1862 954 1934 eaque
975 1843 1090 1937 potis·

75 1959 228 2028 simum
249 1980 332 2051 quae
345 1955 443 2028 intra
456 1955 656 2029 calvariam
668 1970 773 2043 sunt,
787 1979 923 2055 nempe
937 1956 1092 2051 jamdiu

74 2089 196 2152 antea
223 2069 433 2158 infirmata,
447 2147 449 2152 ,
463 2086 501 2144 et·
517 2073 557 2146 in
576 2071 757 2146 decubitu
786 2046 1010 2170 presertim,
1029 2097 1090 2148 re-

74 2189 374 2289 pletionimegis
386 2188 560 2269 obnoxia.
576 2190 741 2280 Videsis,
761 2206 803 2262 ut
819 2189 936 2262 ferme
949 2193 1089 2290 pariter

73 2313 264 2382 Lowerus
283 2305 337 2402 (1)
359 2305 599 2395 adecubitu,
618 2331 830 2414 somnoque
850 2323 936 2406 post
954 2309 1088 2408 largio·

72 2450 142 2500 res
156 2425 282 2498 statim
297 2425 531 2530 potationes,
557 2427 783 2522 priusquam,
797 2426 957 2498 maxima
983 2430 1085 2525 epoti

72 2542 243 2640 liquoris
258 2542 367 2640 copia
391 2565 459 2640 per
486 2543 646 2614 vesicam
665 2541 866 2640 prodierit,
897 2558 1001 2615 ortos
1021 2569 1084 2616 ex·
1121 2607 1123 2612 .

71 2661 197 2758 plicet
216 2682 363 2756 graues,
388 2674 429 2732 nt
446 2681 541 2755 saepe
561 2657 721 2745 viderat,
748 2659 894 2730 cerebri
913 2659 1083 2750 morbos,

71 2793 111 2849 et
130 2777 174 2850 iu
187 2773 249 2851 his
265 2776 487 2866 nominatim
508 2767 755 2872 apoplexiam.

130 2897 188 2980 ¹4·
208 2891 331 2968 Credo
359 2893 472 2992 igitur
490 2891 685 2965 bominem
704 2915 725 2961 a
744 2913 805 2962 me
822 2893 1081 2989 propositum,

70 3009 185 3111 quod
204 3009 317 3083 nimis
340 3033 424 3092 sero
450 3010 578 3083 vesicae
605 3007 880 3105 plenitudinem
906 3012 1082 3102 senserit,

72 3130 171 3207 ‹lu'm
198 3125 377 3200 matulam
401 3126 553 3198 tandem
571 3149 703 3223 capere
727 3124 856 3213 vellet,
876 3140 941 3198 aut
957 3129 1081 3224 potius

72 3246 259 3343 cepisset,
297 3243 507 3340 lotiumqne
538 3268 583 3318 ex
609 3243 721 3316 nimis
754 3240 1081 3337 distentavesica,

72 3361 186 3461 qnod
207 3359 426 3434 facillimum
441 3376 614 3448 nonest,
639 3361 773 3456 ejicere
796 3376 1021 3460 conaretur,
1040 3367 1081 3436 in

72 3505 123 3554 eo
141 3479 327 3579 ipsoluisu
338 3479 404 3574 qui
422 3479 641 3574 sangninem
655 3479 772 3574 magis
786 3478 827 3547 in
839 3477 935 3550 vasis
950 3483 1081 3578 capitis

72 3611 269 3683 moratur,
296 3592 384 3666 forti
406 3594 602 3694 apoplexia
626 3605 866 3690 correptum,
891 3595 1077 3668 cecidisse.

117 3967 163 4052 Ι(ι)
184 3972 284 4028 Tract.
298 3967 335 4027 de
347 3968 453 4040 corde,
472 3986 499 4024 c.
513 3985 542 4024 a.
