2746 4662
94 451 163 497 ura.
179 449 231 498 ιν.
247 451 295 498 nn
305 447 444 498 uonrrs
456 447 653 516 munet,
669 439 737 518 ete.
752 449 865 498 rrrsr.
877 447 949 499 nvi.
981 429 1051 504 113

49 562 163 634 terior
197 572 287 634 erat.
327 563 504 636 Rutulam
538 563 578 634 in
602 575 876 650 transversum,
916 578 960 636 ut
987 587 1054 638 stc-³

49 679 127 779 ptus
159 679 285 768 solet,
319 676 490 777 fraugia
519 679 695 752 violentis
728 679 865 752 ictibus
911 681 1053 754 miruni

50 823 121 869 uon
137 813 219 884 est,
243 795 339 870 illud
356 797 515 886 mirum,
534 797 638 894 quod
658 797 857 870 aviole'nta
878 814 915 870 et
929 798 1055 872 subita
1153 827 1160 844 s

50 915 307 986 musculorum
343 939 430 988 erus
466 896 751 988 extendentium
786 940 851 989 seu
881 932 1054 990 contrac-
1131 1003 1134 1018 ,

49 1033 166 1120 tione,
201 1057 271 1106 scu
311 1033 545 1117 resistentia,
571 1053 849 1132 nonnunquam
878 1049 943 1106 aut
972 1036 1054 1132 ipsa

51 1148 240 1248 frangatur
250 1206 261 1241 ,
271 1167 334 1224 aut
347 1150 461 1223 validi
469 1151 692 1224 eorumdem
706 1151 966 1224 musculorum
976 1168 1054 1226 ten·

52 1267 149 1342 dines
188 1293 305 1368 supra
335 1270 454 1368 ipsam
492 1269 785 1368 disrumpantur.
829 1270 1052 1366 Cujusmo'di

52 1387 257 1484 exemplum
270 1387 514 1486 disruptionis
527 1387 679 1486 apu'dcl.
691 1387 1049 1488 Bassium(1)›leges,

53 1518 85 1574 et
110 1519 195 1576 ante
223 1505 332 1576 iilum
362 1507 439 1578 duo
459 1506 570 1605 apud,
584 1507 815 1604 Ruyschiuin
834 1506 918 1605 (a);
948 1503 1051 1606 apud

53 1645 155 1718 quern
175 1622 255 1720 (3),
278 1639 315 1696 et
343 1623 542 1696 Palfinium
561 1620 637 1722 (A),
669 1647 718 1695 ne
740 1624 833 1696 alios
852 1626 1049 1698 nominem

54 1761 155 1834 quam
175 1743 247 1838 qui·
262 1741 340 1812 haec
358 1741 537 1813 scribenti
552 1758 659 1814 erant
675 1745 715 1813 in
727 1743 916 1828 manibus,
932 1743 1050 1815 illius·

55 1857 147 1928 modi
175 1857 350 1931 fractura
382 1858 662 1932 observationes
687 1861 866 1932 invenies
894 1861 1051 1932 Semilu·

56 1996 152 2046 nares
174 2000 336 2074 quoquc
352 1975 587 2076 cartilagines
618 2002 701 2075 quac
726 1978 825 2048 inter
850 1975 989 2066 femur,
1014 1991 1052 2050 et

56 2089 173 2164 tibiam
189 2096 229 2165 in
244 2119 344 2192 genu
354 2095 513 2167 articulo
530 2095 830 2191 interjiciuntur,
849 2094 896 2167 ab
910 2083 1050 2168 affluxit

56 2205 251 2286 humorum
287 2237 501 2286 excrescere
544 2237 822 2311 nonnunquam
856 2235 985 2310 posse,
1013 2219 1051 2284 et

59 2326 356 2403 claudicationem
373 2329 527 2420 afferre,
553 2331 725 2404 laudatus
745 2331 891 2404 Bassius
908 2327 961 2425 (5)
980 2329 1049 2402 ob·-

60 2457 211 2518 servavit.
238 2450 295 2520 De
320 2447 437 2547 valgis
456 2447 620 2546 denique
643 2463 686 2520 ut
712 2449 882 2520 omittam
902 2471 945 2518 aa
966 2465 1049 2544 quae

59 2561 239 2637 severinus
252 2563 310 2662 (6)
327 2562 406 2638 fuse
419 2566 590 2664 scripsit,
607 2565 839 2662 Ruyschius(
843 2563 883 2662 7)
893 2566 931 2634 in
940 2564 1049 2661 valgo

60 2676 171 2752 adulto
206 2705 362 2755 summae
395 2682 494 2755 tibiae
520 2707 666 2772 caveas,
691 2683 737 2754 iis
767 2680 1049 2779 cartilaginibus

63 2797 249 2893 subjectas,
264 2800 313 2872 ad
333 2799 486 2872 {amoris
501 2800 684 2898 condylos
704 2797 947 2897 excipiendos
969 2821 1048 2870 nou

62 2935 147 3010 eque
157 2917 351 3018 depressas
358 2935 429 3010 ,et,
444 2918 549 3018 quod
563 2919 830 3017 consequitur,
842 2931 1063 3016 utrumque*

63 3028 137 3104 illud
165 3059 207 3108 os
232 3037 339 3108 aliter
362 3036 636 3110 sesecundum
663 3051 860 3124 naturam,
883 3035 1049 3134 positum

108 3389 133 3466 1)
149 3395 218 3452 Dec.
234 3397 266 3467 3,
280 3396 345 3454 oba.
358 3407 440 3454 anat.
457 3393 577 3456 ehirz'fi.

108 3488 133 3568 2)
151 3495 226 3552 Λᾶν.
238 3508 364 3567 anatca,
379 3516 405 3554 c.
419 3513 448 3552 a.

153 3595 220 3652 Oba.
233 3608 312 3654 anat.
329 3593 403 3654 chir.
418 3598 445 3654 3.

94 3388 105 3464 i

96 3489 105 3567 i

97 3590 107 3706 i

97 3711 106 3758 i

98 3785 107 3860 (

108 3590 121 3646 3

108 3593 134 3765 ii
152 3696 235 3752 Anat.
251 3697 293 3754 du
306 3716 393 3772 corps
408 3698 492 3753 hum.
509 3707 546 3754 tr.
561 3693 594 3763 5,
617 3695 663 3750 ch.
682 3714 729 3766 ¹7·

110 3785 137 3864 5)
152 3793 219 3854 Dec.
231 3815 264 3866 a,
277 3798 342 3858 obs.
360 3795 387 3856 5.

109 3888 134 3965 6)
152 3894 194 3950 De
210 3899 329 3956 recond.
347 3897 473 3954 abscess.
489 3905 551 3952 nat.
568 3896 589 3951 l.
603 3893 637 3966 6,
648 3913 681 3970 p.
694 3911 722 3950 a.

100 3984 136 4066 tt)
153 3993 271 4054 Advers.
287 4015 303 4054 a
312 4038 321 4070 ‚
338 3997 389 4054 cit.
402 4015 429 4054 c.
445 3997 473 4053 6.
