2732 4654
294 371 365 452 320
457 397 504 448 or
530 396 678 450 sennes
702 393 747 448 er
772 393 896 450 ososrs
923 391 1133 450 nossentne

296 515 365 588 lier
384 514 430 586 de
450 541 525 614 qua
542 539 655 612 supra
672 515 815 586 dictum
838 529 894 586 est
913 515 989 611 (ι),
1009 530 1090 588 tum
1116 525 1291 614 quaecum*

297 657 373 729 que
392 634 461 704 alie
477 646 726 730 symptomata
738 633 777 701 in
792 633 890 729 ipsa,
909 647 945 704 et
957 636 1097 704 ceteris
1110 635 1222 704 etiarn
1238 619 1293 726 qui

298 753 439 822 mortui
462 775 541 821 non
571 765 680 837 sunt,
704 748 924 821 hominibus
951 766 1231 849 apparuerunt,
1250 745 1294 815 f-

299 867 369 938 cile
387 891 455 963 per
474 866 739 938 convulsiones
760 866 847 938 licet
865 867 1073 964 explicare:
1098 881 1135 938 et
1157 882 1293 935 venena

299 1008 451 1080 quoque
471 984 558 1068 alia,
577 985 673 1070 ictu,
690 997 754 1054 aut
772 1007 903 1054 morsu
924 1007 1207 1054 venenosorum
1231 981 1296 1050 ani·

297 1101 452 1171 melium
472 1103 770 1187 communicata,
800 1125 870 1198 per
895 1124 1033 1172 nervos
1063 1093 1295 1198 potissimum

299 1241 460 1303 nocere,
482 1216 679 1288 laudabilis
698 1217 741 1288 cl.
762 1216 899 1288 M'eadii
918 1216 972 1312 (o)
989 1221 1176 1308 sententia
1193 1229 1255 1287 est.

320 1393 322 1398 .
354 1361 412 1432 27.
435 1338 490 1404 De
507 1335 673 1405 immisso
688 1349 812 1404 autem
828 1335 938 1408 simul
949 1358 1035 1404 cum
1051 1335 1188 1405 aculeo
1200 1334 1297 1405 etiam

300 1476 469 1538 veneno,
482 1450 584 1522 nulla
600 1440 762 1548 amp'lius
776 1467 890 1524 restat
909 1450 1104 1524 dubitatio.
1125 1457 1222 1523 Nom
1240 1449 1296 1521 etsi

300 1585 543 1669 posteaquam
567 1568 711 1639 Plinius
729 1567 787 1666 (3)
802 1573 905 1639 tenui
918 1567 1060 1664 fistula
1086 1572 1295 1666 perforatos

302 1711 381 1760 esse
403 1685 626 1773 tradiderat,
649 1692 888 1783 scorpionum
916 1683 1089 1770 aculeos,
1121 1705 1296 1755 venenam

300 1801 537 1896 infundentes
549 1857 559 1891 ,
572 1818 608 1874 et
626 1802 679 1899 (Δ)
693 1802 768 1874 hoo
787 1803 837 1872 ab
856 1807 898 1874 iis
919 1799 1123 1872 candidum
1143 1797 1283 1892 effundi
1287 1849 1294 1884 ,

199 1945 201 1948 ·
301 1919 584 2020 Apollodorum
602 1935 794 1990 auctorem
815 1943 913 2006 esse,·
932 1919 1095 1990 Galenus
1113 1915 1168 2013 (5)
1190 1916 1295 1989 extitit

301 2040 369 2137 qui
389 2039 534 2110 nnllam
550 2061 737 2136 apparere
745 2039 929 2128 foramen
960 2034 1163 2123 scriberet,
1194 2041 1231 2104 in
1249 2055 1295 2103 eo·

302 2182 389 2228 rum
407 2143 559 2242 acoleo,
577 2155 740 2252 ideoque
761 2167 829 2224 ant
839 2177 1026 2250 perquam
1043 2159 1219 2250 exe'gunm
1233 2173 1295 2221 esse

202 2355 212 2360 ,
304 2271 347 2342 id
360 2270 467 2368 quod
480 2275 666 2367 injioeret,
695 2285 764 2341 ant
778 2268 875 2339 nihil
892 2276 1068 2356 omnino;
1086 2269 1183 2366 quin
1200 2268 1295 2341 etiam

304 2387 442 2462 Redius
458 2389 512 2485 (6)
529 2414 577 2458 ne
591 2390 630 2458 in
651 2388 784 2482 majori
806 2385 963 2483 quidem
984 2388 1159 2485 scorpio,
1176 2407 1296 2480 nempe

307 2505 493 2593 africam,
519 2505 641 2578 ullum
673 2503 802 2575 videre
827 2501 998 2576 foramen
1022 2505 1165 2602 potuit,
1196 2523 1296 2602 quen·

307 2625 445 2696 tumvis
458 2623 571 2693 oculo
591 2621 886 2718 exquisitissimis
903 2622 1008 2692 vitris
1027 2624 1232 2707 instruct03
1247 2614 1295 2685 hic

298 2757 433 2834 ‚tamen
457 2766 536 2810 non
562 2739 676 2810 modo
699 2763 744 2808 ex
769 2739 924 2810 Aretino
951 2739 1116 2835 antiquo
1129 2740 1294 2836 scriptore

307 2858 390 2956 (qui
422 2885 442 2930 e
473 2857 595 2927 Plinio
624 2854 835 2927 exscribere
858 2853 1047 2952 potuerat)
1074 2855 1139 2926 sed
1159 2881 1202 2926 ex
1222 2873 1293 2950 pro·

308 2977 400 3073 priis
425 2973 552 3044 multis
572 2976 611 3043 in
631 2972 765 3044 eodem
786 2973 852 3042 illo
874 2965 1292 3070 'scorpiosobservationi-

308 3091 401 3180 bus,
421 3089 551 3162 album
575 3115 620 3160 ex
640 3089 772 3162 aculeo
795 3089 949 3187 prodire
975 3088 1196 3178 humorem,
1217 3106 1292 3156 con·

339 3892 344 3901 Ι
414 3847 458 3901 De
470 3848 527 3900 loc.
548 3843 598 3898 aff.
615 3843 635 3899 l.
651 3842 684 3921 6,
704 3862 729 3900 o.
744 3841 772 3902 5.

414 3947 516 4020 Esper.
532 3945 582 4000 cit.
