2824 4652
64 447 181 528 mnu
195 460 1001 531 nusunrrursarua.curamonarrsrmxrv.
1019 451 1089 530 505

73 604 111 665 et
145 590 333 691 putrida,
355 593 474 668 ‚trium
504 589 622 664 ferme
658 595 858 666 unciarum
878 653 884 663 .
902 590 1105 694 pondere,

73 726 167 784 sunt
187 709 558 807 ‘dejecta‚-‡rnirum'
585 711 627 782 in
660 709 819 818 modurn
854 711 981 785 sedata
1006 719 1100 784 sunt'

76 828 240 917 omnia,
259 853 330 902 nec
348 827 481 928 pulsus
500 826 683 935 duntaxat
714 830 869 900 raritate
897 843 934 902 et
957 829 1096 900 duritie

78 945 282 1044 deposita,
308 944 356 1017 ad
375 943 586 1018 naturalem
608 959 744 1018 statum
766 969 856 1017 mox
874 945 1068 1018 redierunt
1084 943 1099 1036 ',

80 1063 146 1134 scd
168 1064 334 1135 omnino
362 1063 522 1161 pristina
545 1062 690 1134 sanitas
710 1059 766 1135 est
798 1062 1097 1136 restitutb'llaec
1130 1119 1133 1124 .

80 1201 240 1253 menses
263 1181 426 1278 perstitit
453 1179 602 1252 circiter
630 1189 820 1278 quatuor,
855 1179 989 1254 donec
1011 1193 1101 1280 post

80 1293 246 1369 brevem
271 1294 585 1388 ambulationem,
615 1302 657 1368 et'
672 1297 854 1370 scalarum
879 1319 1090 1386 ascensum,

81 1413 239 1512 priores
263 1414 319 1486 illi
338 1414 547 1487 convulsivi
562 1414 739 1504 insultus,
770 1417 934 1489 rariores
949 1431 1096 1503 tamen,

81 1529 352 1621 ethrev'iores,
368 1530 548 1604 invadere
564 1531 702 1603 iterum
724 1545 945 1632 coeperunt,
964 1529 1098 1630 etpul-
1128 1549 1131 1556 ’

83 1668 203 1720 suum
220 1649 420 1740 raritatem,
433 1647 626 1722 reducere.
645 1649 792 1722 'Mensis
816 1664 898 1721 turn
929 1663 1007 1722 erat
1030 1647 1100 1720 de*

83 1766 257 1842 cember.
280 1771 311 1838 A
331 1757 747 1868 quotempore‘usque
768 1765 815 1838 ad
832 1766 930 1864 junii
947 1767 1099 1838 initium

83 1908 179 1955 cum
197 1883 357 1957 morbus
368 1885 474 1957 'vinci
486 1908 566 1956 non
576 1899 727 1984 posset,
757 1899 848 1968 tunc
870 1907 941 1984 ego
960 1907 1101 1956 consu-

81 1999 195 2074 lendi
213 2026 324 2076 causa
348 2003 571 2091 accersitus,
602 2017 645 2075 et·
660 2027 702 2074 ea
721 2027 806 2102 quae
827 2000 897 2076 tibi
916 2001 1099 2074 hactenus

82 2117 293 2220 descripsi,
315 2120 463 2211 audivi,
492 2127 537 2195 et
553 2134 694 2220 aegrum
714 2121 869 2220 qualem
889 2146 934 2194 ex
946 2137 1101 2192 *memo*

82 2251 171 2307 rata
198 2237 357 2338 epistola·
378 2239 607 2338 cognoscere
631 2253 762 2338 potes,
788 2239 925 2312 invem.
956 2237 1099 2308 Raritas

81 2355 280 2454 praecipue
298 2356 477 2452 pulsuum
487 2356 550 2428 illa
566 2371 688 2444 tanta,
707 2372 898 2430 uteorum
914 2377 1099 2428 numerus

82 2469 243 2544 duabus
254 2473 407 2544 circiter·
420 2475 538 2547 tertiis
553 2474 722 2572 partibus
735 2476 862 2546 minor
871 2487 969 2545 esset
982 2495 1099 2570 quam

83 2601 306 2685 oporteret,
325 2603 407 2660 turn
422 2589 707 2680 inculcabatur,
723 2594 844 2662 tuma
863 2567 1098 2688 mequoque

81 2703 363 2802 reperiebatur.
381 2709 573 2803 Eaautem
595 2721 777 2806 perpetua
797 2705 1010 2806 a'pluribus
1020 2707 1099 2802 ja'm

83 2821 288 2896 mensibus
302 2825 455 2914 raritas,
474 2825 788 2923 quotiescumque
804 2814 966 2899 insultus
978 2803 1100 2896 immi-

87 2939 638 3039 nebant32‘vel'multo'major
666 2942 973 3042 percipiebatur:
992 2953 1100 3021 uter
1210 2976 1213 2984 1

84 3057 280 3158 ‘hoeej'us
299 3061 536 3166 incremento
568 3085 766 3162 nunquam
781 3049 1013 3133 ¹fallerentur
1025 3083 1102 3132 rne-

95 3177 191 3268 dici,
220 3181 251 3251 si
276 3167 747 3278 instantempraedicerent
783 3179 995 3252 insultum:
1022 3203 1100 3277 quo

94 3293 277 3382 durante,
303 3297 441 3394 pulsus
466 3313 546 3369 non
574 3295 691 3368 niodo
718 3321 763 3368 ex
789 3321 880 3368 raro
898 3293 1102 3395 frequens,

96 3414 168 3486 sed
181 3414 232 3484 ita
244 3411 432 3510 [frequens
448 3411 579 3502 fiebat,
606 3395 651 3486 ut
668 3415 708 3485 in
732 3415 838 3512 aegris
865 3411 1101 3512 frequentem

95 3553 286 3606 vocamus.
307 3536 391 3603 Haec
408 3550 495 3603 curn
509 3533 760 3630 accepissem,
778 3509 815 3602 et
827 3545 958 3602 caetera
974 3532 1102 3600 omnia

96 3647 399 3749 perpendissem,
414 3648 607 3755 'respondi
630 3649 856 3746 implicitum
875 3645 969 3716 mihi
982 3644 1103 3748 rideri
1216 3745 1219 3750 Ι
1291 3723 1293 3730 ,

97 3767 293 3854 morbum,
309 3781 345 3839 et
363 3767 725 3866 quiproptereanon
738 3765 1009 3860 omniexparte
1023 3757 1103 3836 sine

99 3885 239 3957 erroris
267 3883 438 3982 periculo
465 3882 637 3981 dignosci
667 3895 806 3982 posset.
843 3879 939 3950 Hinc
962 3893 1104 3952 temere

98 4001 195 4076 nihil
210 4001 448 4094 audendum,
467 4000 540 4085 =sed
568 3999 613 4076 iis
644 4023 727 4098 quae
747 3997 942 4072 levaminis
962 3997 1104 4095 aliquid
