2782 4652
85 423 1088 521 cmv.nasoosrmssoam.sorrruoanrrsr.nxur.473
1147 403 1153 415 ⁸

87 563 255 636 cularum
269 554 457 650 ostendit,
466 587 548 660 quae
561 585 630 662 per
643 560 811 634 medium
831 574 933 632 recta
945 559 993 632 ab
1010 583 1090 635 uno
1167 583 1172 587 “
1198 627 1201 630 ,

84 677 130 748 ad
151 679 316 750 alterum
334 679 511 753 sectionis
526 693 737 750 extremum
754 675 977 764 ducebatur,
1001 702 1089 752 oum

84 786 223 892 ubique
238 836 239 840 =
254 795 344 874 alibi
372 795 478 870 color
493 794 673 900 ,obsolete
700 789 851 869 albidus
879 811 1087 893 appareret.

84 915 220 984 Caetera
238 897 277 982 in
296 913 410 986 oculo
427 896 505 984 nou
525 911 622 984 male
638 911 734 984 adeo
754 935 792 984 se
811 910 1013 984 habebant.
1042 917 1087 986 In

84 1028 267 1128 palpebra
296 1031 490 1128 superiore
513 1029 675 1102 sebaoeae
697 1026 901 1126 glandulae,
930 1053 1024 1126 quas
1047 1033 1088 1102 in

84 1148 212 1242 priore
239 1148 320 1218 viro
349 1147 409 1245 (ι)
428 1148 487 1221 vel
519 1147 780 1245 pulchriores,
803 1147 1087 1244 crassioresque

82 1287 373 1362 conspexeram,
391 1265 431 1334 in
445 1264 537 1353 hoc,
553 1279 709 1362 propter
728 1263 887 1336 variolas
913 1261 1086 1354 fortasse,

83 1381 212 1452 minus
244 1405 358 1478 quam
388 1381 532 1469 solent,
563 1382 787 1480 conspicuas
818 1381 1086 1454 animadverti:

82 1498 179 1572 duas
203 1511 328 1571 tamen
358 1501 465 1602 inter,
488 1523 534 1570 se·
562 1500 751 1598 proximas
780 1500 973 1597 perspexi,
1003 1523 1087 1598 quae

82 1639 276 1688 summum
295 1640 426 1690 versus
442 1641 480 1688 se
495 1614 766 1688 decussabant:
785 1615 889 1712 quod
906 1615 1092 1688 adnotare

78 1733 143 1806 hic
164 1733 285 1820 volui,
298 1749 341 1806 ut
354 1733 402 1806 ab
419 1734 631 1822 nonnulliS,
651 1735 721 1830 qui
735 1733 910 1819 minime,
932 1735 1086 1832 opinor,

82 1850 337 1940 attendenteS,
357 1873 442 1923 eum
460 1852 547 1922 icon
567 1875 693 1922 rerum
709 1851 836 1922 minus
857 1849 955 1922 bene
978 1865 1089 1924 antea

81 1970 270 2066 pictarum
296 1973 545 2066 proponitur,
571 1966 681 2040 hasce
712 1993 756 2040 ex
787 1991 833 2042 eo
852 1967 1088 2066 potissimum

81 2109 248 2184 corpore
258 2109 338 2158 esse
353 2084 618 2160 describendas
632 2086 759 2182 inquo
769 2079 885 2182 migis
899 2081 1088 2184 eleganter

81 2225 119 2274 se
139 2202 330 2291 babeant,
356 2227 440 2276 cum
466 2203 506 2274 in
528 2227 632 2290 mea,
661 2202 769 2300 qnasi
797 2225 875 2291 noo
900 2199 995 2289 una,
1021 2199 1088 2276 sed

80 2321 279 2420 multiplex
303 2317 455 2410 fuisset,
483 2322 678 2394 varietates
696 2344 789 2420 quas
817 2319 976 2392 sollicite
996 2343 1088 2391 enu·
1171 2323 1174 2334 ‘

79 2453 245 2524 merant,
278 2436 548 2528 desiderarent,
568 2438 667 2510 hanc
681 2436 808 2510 tamen
832 2457 946 2536 quam
967 2435 1084 2510 modo

77 2554 179 2634 dixi,
200 2554 324 2625 visam
333 2579 411 2626 non
428 2579 507 2626 esse
523 2556 762 2654 intelligeres.
783 2559 923 2628 Verum
933 2554 980 2626 ad
990 2551 1085 2626 illud

76 2671 191 2765 cujus
208 2673 395 2768 praecipue
415 2672 530 2769 gratia
546 2671 645 2744 hanc
668 2672 738 2744 tibi
763 2671 938 2744 exscribo
957 2670 1087 2744 obser·

75 2787 293 2874 vationem,
330 2787 533 2860 veniamus.
575 2791 743 2877 Nervus,
775 2788 823 2858 ad
854 2787 1085 2886 descriptum

78 2891 234 2974 oculum
249 2898 458 2999 pertinens,
478 2905 628 3002 opticus
637 2905 736 2976 intra
750 2903 912 2976 orbitam
927 2903 1082 3001 quidem

83 3019 155 3092 sul>
176 3020 422 3093 crassioribus
446 3021 581 3094 tunicis
604 3020 806 3094 med-ullam
836 3021 1087 3119 comprehen-

82 3136 312 3235 debataequo
326 3140 555 3226 tenuiorem,
575 3153 613 3210 et
626 3163 741 3236 quam
756 3138 787 3216 si
797 3141 1083 3236 comprimeret,

80 3250 339 3332 humidiorem
360 3279 601 3353 agnosceres,
621 3280 740 3354 quam⁴
754 3279 821 3354 par
842 3271 954 3347 esset,
976 3259 1093 3362 quasi!

81 3393 217 3468 aquam
251 3371 407 3443 haberet
437 3371 643 3444 admistam.
670 3371 757 3444 »Sed
788 3373 887 3444 intra
912 3374 1084 3450 cranium

81 3485 181 3558 idem
199 3513 338 3560 nervus
347 3491 504 3560 omniuo
519 3488 726 3561 secundum
739 3505 910 3562 naturam
922 3513 960 3560 se
973 3487 1084 3562 habe·

80 3600 163 3693 bat,
193 3605 264 3676 nisi
293 3606 397 3704 quod
421 3605 489 3678 ubi
515 3631 602 3678 cum
634 3607 738 3680 socio
758 3603 1080 3696 committebatur,

119 3973 163 4053 (ι)
183 3979 221 4036 N·
244 3986 271 4047 t·
355 3999 358 4006 Δ
