2700 4660
268 379 338 471 264
435 405 483 450 nr
509 401 655 450 samius
680 401 723 479 nr
749 399 873 450 causis
898 399 1107 468 nonnosum
1248 453 1251 462 ,

267 542 367 590 mam
388 541 499 615 agere
520 515 721 592 videretur.
748 519 936 586 Caesenam
956 529 1142 604 revectus,
1160 539 1183 584 a
1201 540 1273 586 me·

268 634 355 724 dico
383 633 553 706 creditur
579 631 700 702 colico
731 630 913 702 duntaxat
930 631 1063 703 dolore
1088 635 1273 728 torqueri,

268 766 474 850 propterea
489 749 576 845 quia
592 749 828 820 cruciatuum
847 749 953 820 sedes
971 749 1011 818 in
1023 750 1181 846 regione
1202 764 1274 818 erat

268 867 453 966 epicolica
472 865 637 938 dextera.
659 869 792 962 Itaque
819 879 943 954 totum
970 866 1078 936 illum
1097 866 1222 954 diem,
1242 879 1273 936 et

268 1007 443 1082 magnam
464 983 588 1053 noctis
605 985 749 1079 putem
770 995 828 1066 tot
847 997 1041 1071 enemata,
1058 981 1187 1071 fotus,
1211 1007 1275 1079 po-

270 1103 415 1187 tioneS,
438 1083 551 1170 bolos
569 1115 650 1170 turn
663 1079 878 1188 iinodinos,
898 1115 978 1170 tum
994 1116 1201 1198 purgantes
1219 1098 1273 1168 ad-

271 1216 398 1303 hibet,
420 1231 516 1313 quot
540 1217 710 1288 medicus
727 1217 821 1297 alter
848 1217 909 1286 vix
932 1219 1030 1291 intra
1061 1219 1195 1314 plures
1217 1213 1275 1286 ad·

168 1369 171 1384 ·
271 1333 458 1406 bibuisset
502 1333 612 1423 dies,
639 1335 826 1407 incassum
857 1337 995 1405 onmia.
1031 1339 1110 1406 Nec
1135 1334 1277 1406 tametsi
1331 1329 1333 1340 ⁴

271 1451 475 1524 mulierum
493 1453 647 1524 alteram
667 1451 874 1524 vomitibus
886 1515 889 1520 .
901 1454 1070 1540 interea,
1103 1469 1140 1524 et
1158 1452 1276 1547 dejee·
1328 1458 1335 1554 '¹

270 1569 458 1659 tionibuS,
473 1585 509 1641 et
524 1569 699 1668 gravibus
710 1570 870 1666 insuper
882 1571 997 1640 animi
1010 1571 1187 1666 deliquiis
1200 1594 1276 1640 cor·
1333 1557 1335 1580 ⁴

272 1701 417 1784 reptam
438 1687 603 1774 videret,
623 1690 747 1760 virum
763 1703 888 1758 autem
904 1705 1126 1786 querentem
1138 1688 1278 1759 audiret
1336 1753 1337 1774 ,

275 1807 322 1876 de
340 1805 543 1876 ventriculi
568 1820 677 1890 aestu,
706 1820 743 1876 et
768 1804 964 1902 pondere;
1002 1804 1212 1903 quidquam
1237 1803 1276 1874 de

270 1945 426 1996 ueneno
451 1923 732 2032 suspicabatur,
753 1922 890 2007 crede,
908 1925 997 2020 qnia
1012 1921 1151 1994 femina
1173 1924 1279 1994 altera
1338 1953 1339 1998 i

271 2065 358 2137 quae
380 2040 515 2112 eodem
534 2040 695 2138 prandio
711 2063 777 2112 usa
789 2055 888 2130 erat,
916 2041 1011 2110 nihil
1025 2053 1182 2138 prorsus
1200 2037 1278 2110 mali

274 2173 521 2254 perceperat,
538 2173 575 2228 et
592 2181 713 2256 caupo
732 2149 888 2254 quoque
907 2157 962 2227 nil
993 2159 1032 2226 in
1055 2183 1101 2228 eo
1124 2156 1278 2256 prandio

276 2299 357 2348 esse
375 2277 544 2372 potuisse
558 2274 663 2372 quod
684 2291 858 2363 noceret,
876 2277 1177 2348 constantissime
1197 2296 1278 2346 asse·
1341 2345 1342 2348 ,

173 2453 176 2460 ,
273 2393 449 2480 rorabat,
467 2407 505 2464 et.
522 2396 580 2463 vir
598 2373 664 2490 qui
685 2402 815 2491 suapte
838 2393 976 2492 sponte
999 2391 1205 2482 theriacam
1224 2417 1278 2462 su·

264 2537 380 2582 mere
412 2511 607 2598 voluerat,
638 2527 789 2582 auctum
826 2511 913 2606 inde
941 2527 1067 2584 aestum
1087 2508 1280 2584 ventriculi
1341 2557 1342 2568 i

276 2643 453 2699 senserat.
472 2633 557 2725 Ipse
573 2631 607 2698 ei
623 2654 706 2725 quae
719 2628 814 2699 male
831 2627 1012 2717 habebat,
1030 2630 1182 2710 mulieri
1194 2651 1278 2700 auo·
1340 2639 1342 2728 ᾖ

274 2744 415 2840 ¹dynam
434 2747 594 2843 imperat
610 2746 959 2840 emnlsionemqsed
983 2747 1082 2818 hanc
1103 2763 1141 2819 et
1165 2770 1276 2820 sacer·
1341 2753 1342 2812 3

277 2863 403 2934 dotem
434 2861 592 2934 morbus
620 2866 699 2962 ipse
731 2864 891 2959 adjuvit,
921 2866 1027 2960 cujus
1053 2867 1089 2934 vi
1108 2891 1129 2936 e
1147 2863 1279 2937 ventri·

195 2997 199 3005 ‘
278 2979 386 3066 cu10,
421 2994 458 3050 et
491 2980 680 3052 intestinis
710 2981 995 3077 multaejicere
1027 2994 1276 3079 perrexerunt.

274 3094 425 3184 ¹Quibus,
437 3096 716 3188 excretionibus
737 3096 900 3194 denique
915 3098 993 3170 sub'
1007 3123 1182 3171 auroram
1196 3123 1277 3172 con·

275 3211 578 3309 quiescentibus,
598 3215 710 3285 simul
722 3240 858 3286 omnes
876 3221 1014 3286 Forum
1034 3218 1127 3288 Livii
1144 3239 1275 3289 conve·

264 3327 591 3426 vhumum-meque
607 3330 806 3403 confestim
820 3349 1034 3428 accersunt,
1054 3349 1092 3404 et
1112 3330 1274 3430 quaesibi

274 3445 498 3534 acciderint,
520 3447 679 3530 docent.
715 3447 792 3548 Ego
812 3442 814 3448 ¹
832 3475 922 3540 vero
955 3453 1080 3520 statim
1115 3449 1279 3548 quaesivi,

243 3565 252 3652 s
273 3559 402 3634 luisset
427 3589 474 3646 ne
501 3565 538 3634 in
561 3565 726 3662 prandio
752 3567 919 3637 edulium
944 3566 1098 3664 aliquod
1127 3567 1174 3639 de
1210 3587 1277 3664 quo

273 3681 409 3754 mulier
428 3706 511 3777 quae
530 3683 595 3758 ¹nil
623 3684 711 3754 mali
728 3699 931 3768 senserat,
964 3683 1018 3753 nil
1043 3685 1276 3756 comedisset:

188 3876 192 3887 ‚
270 3823 437 3896 cumque
479 3799 652 3870 audirem
686 3798 798 3874 fuisse
843 3800 987 3899 pultem
1023 3802 1202 3872 nimirum
1241 3821 1277 3868 ex

273 3901 399 4016 oryza,
418 3942 499 4014 quae
525 3919 699 4016 primurn
728 3920 901 3994 omnium
926 3919 968 3990 in
998 3941 1134 4017 magna
1162 3904 1276 4020 patina
