2836 4648
302 473 375 576 678
441 495 490 562 an
515 489 662 540 annuus
686 489 732 538 rr
750 489 882 565 ,canus
906 491 1124 544 nonnarum

298 633 450 713 percsse
467 604 889 698 dentes,animadverti.
908 611 994 680 Haec
1013 608 1206 701 exterius3
1224 610 1321 686 inci·

300 728 429 804 dendo
445 741 591 816 autem,
615 725 655 796 in
671 739 827 814 ventre,
842 723 1025 816 thorace,
1046 728 1171 826 capite
1193 753 1240 802 ea
1256 729 1322 806 de·

298 845 510 951 prehendi,
530 864 630 943 quae,
646 841 694 916 ab
707 841 783 926 boc
799 843 943 917 initum
960 843 1107 922 ducens
1117 898 1130 936 ,
1140 865 1321 927 accurate

299 965 521 1042 describam.
542 962 753 1037 Cerebrum
780 961 992 1054 dissecans,
1022 964 1065 1040 in
1092 963 1322 1056 lateralibus

296 1083 515 1162 ventriculis
532 1105 638 1181 aquae
651 1081 909 1180 aliquantum,
928 1080 1166 1180 inplexibus
1187 1099 1318 1157 autem

230 1293 233 1298 ¹
298 1200 553 1304 choroidibus
567 1224 615 1274 eo
636 1199 720 1304 ipso
739 1198 826 1274 loco
843 1197 912 1274 nbi
930 1199 972 1288 in
991 1200 1195 1298 superiore
1212 1201 1319 1298 cada·

298 1347 387 1400 vere
412 1320 618 1422 plurimas,
649 1341 767 1390 unam
797 1316 931 1392 saltem
966 1315 1193 1416 hydatidem
1218 1320 1322 1411 vidi,

297 1439 365 1514 sed
380 1434 648 1535 majusculam,
667 1459 765 1533 quar
782 1458 941 1508 mucum
965 1435 1108 1532 pariter
1134 1460 1159 1510 a
1190 1437 1321 1538 primo

296 1554 574 1640 mentiebatur:
587 1567 670 1626 tum
683 1551 1106 1652 pinealem.gl,andulam
1122 1555 1321 1654 exiguam,

298 1675 365 1751 sed
385 1699 465 1748 non
480 1673 658 1772 exignum
681 1693 754 1770 pro
773 1693 817 1742 ea
832 1670 1015 1770 parvitate
1037 1673 1321 1772 corpusculum

298 1795 400 1868 intus
416 1789 644 1879 habentem,
671 1787 849 1862 abnormi
876 1786 1016 1888 figura,
1043 1787 1215 1882 durum,
1239 1816 1322 1864 non

299 1909 466 1999 friabile,
484 1907 613 1984 colore
630 1905 803 1982 subflavo
832 1905 1017 1981 obsoleto.
1047 1908 1217 2007 spinalis
1245 1935 1321 1983 me·

255 2089 259 2096 .
299 2029 432 2118 dulla,
457 2023 547 2100 nam
570 2025 671 2108 banc
700 2049 877 2124 quoque,
905 2038 944 2096 et
964 2023 1176 2116 nobiliores
1203 2051 1320 2127 quos-

300 2169 376 2262 que
391 2168 529 2218 nervos
541 2145 619 2234 suis
624 2142 667 2232 in
681 2141 850 2232 sedibus,
867 2156 911 2216 ut
922 2141 1055 2232 solitus
1068 2168 1176 2232 sum,
1194 2161 1321 2222 osten-

300 2265 437 2340 debam
457 2261 651 2362 discipulis
662 2315 673 2352 ,
685 2260 799 2337 valde.
807 2276 888 2336 erat
902 2261 996 2334 laxa.
1009 2265 1054 2336 In
1070 2261 1236 2350 thorace
1251 2289 1319 2338 cor

297 2382 377 2454 vidi
403 2384 490 2455 sine
500 2379 597 2470 ulla,
616 2393 661 2457 ut
676 2378 943 2478 expectabam,
956 2380 1209 2480 pinguedine3
1224 2383 1317 2474 sed,
1399 2355 1417 2415 ’ᾗ

299 2486 405 2602 quod
424 2523 506 2588 non
516 2495 787 2606 expectabam,
813 2497 854 2568 in
868 2498 954 2570 viro
971 2499 1185 2597 prasertim
1203 2503 1319 2598 cuius

300 2643 460 2718 procera
477 2617 604 2717 potius
625 2629 706 2688 erat
723 2629 885 2706 statura,
905 2617 1034 2690 atrita
1055 2618 1095 2690 in
1112 2616 1318 2693 laboribus

300 2735 499 2812 attollendi
524 2727 721 2812 et‘lerendi
739 2757 857 2820 onera
871 2733 1178 2835 semperfuerat,
1191 2737 1323 2811 cordis
1412 2741 1413 2787 l

301 2881 385 2930 eam
398 2855 623 2954 parvitatem
638 2849 783 2942 ostendi
798 2877 913 2951 quana
930 2853 972 2927 in
988 2853 1128 2946 adultis
1142 2879 1321 2954 unquam

300 2973 542 3072 conspexisse
559 2996 641 3058 uon
658 2970 840 3061 memini3
856 2973 973 3070 pueri
996 2972 1099 3048 enirn
1118 2997 1189 3048 cor
1211 2974 1320 3047 vide-

299 3090 433 3180 batur,
453 3115 535 3164 non
552 3090 644 3180 viri,
669 3103 707 3162 et
724 3088 904 3200 omnibus
925 3088 1088 3189 quidem
1107 3089 1320 3178 dimensio-

299 3207 437 3299 nibus,
460 3207 593 3302 ethis,
613 3209 889 3309 proportione,
911 3207 1171 3309 respondente
1200 3214 1319 3310 parie

300 3338 383 3402 tum
411 3326 613 3418 tenuitate..
639 3330 827 3428 Caeterum
849 3341 986 3426 praeter
1018 3351 1136 3420 venas
1168 3354 1255 3428 quae
1275 3332 1316 3403 in

299 3444 427 3520 cordis
458 3439 656 3544 superficie
682 3442 822 3531 alicubi
856 3459 964 3525 eraut
983 3445 1191 3536 varicosus,
1217 3448 1318 3524 nihil

299 3579 427 3656 extra,
458 3561 556 3636 nibil
585 3562 688 3636 intus
720 3561 800 3638 vitii
825 3561 1011 3652 occurrit,
1043 3577 1092 3648 nt,
1118 3587 1250 3663 neque
1276 3567 1316 3638 in
1402 3633 1403 3642 2

282 3696 413 3760 ‘aortae
430 3679 610 3769 valvulis,
636 3678 750 3776 cujus¹
771 3692 898 3770 tamen
929 3693 1093 3771 munem
1108 3679 1317 3774 videbatur
1401 3733 1402 3746 η

299 3821 380 3898 esse
401 3797 585 3876 dilatatus.
608 3799 825 3895 Antequam
844 3795 892 3872 de
912 3811 1046 3872 ventre
1065 3797 1177 3890 dico,
1201 3803 1314 3877 omit·

298 3931 378 3995 tere
397 3914 460 3990 hic
480 3937 652 4016 nequeo,
684 3914 931 4016 diaphragma
954 3917 996 3988 in
1018 3918 1141 3992 centri
1162 3919 1244 4010 sui,
1272 3935 1315 3994 nt

297 4050 450 4125 vocant,
473 4035 604 4111 nervei
627 4048 735 4134 parte
762 4033 916 4128 dextera
943 4031 1087 4128 factam
1115 4034 1235 4130 baisse
1259 4064 1313 4118 os
