2858 4656
92 463 207 514 ntus.
218 429 1009 520 urrunnuntsnnmusornrronmrrsnnxrv'.
1027 441 1097 519 513

90 574 382 676 requirebatur,
400 599 449 650 ne
470 573 577 648 locus
593 559 769 648 videlicet
794 575 941 652 deesset
957 603 1058 652 novo
1077 605 1099 654 e
1213 581 1220 601 ⁸

22 726 26 734 ·
91 693 343 794 pulmonibus
367 691 589 766 adventurn.
614 690 687 766 Sed
703 717 837 791 neque
867 697 908 768 in
939 699 1109 796 respira·-

89 816 199 904 tione
219 813 351 886 vitium
372 826 452 884 erat
468 809 611 884 ullum:
631 809 738 909 quod
758 825 885 889 temen
905 837 984 886 esse
1007 839 1106 890 con-,

91 930 280 1018 suevisse,
297 927 385 1002 alias
407 927 463 1026 (ι)
485 928 719 1026 agnovimus.
740 929 847 1006 ,Licet
866 931 981 1028 igitur
1009 932 1100 1007 hinc

91 1047 333 1178 intelligere,
340 1069 389 1118 ue
405 1059 604 1120 consuetas
621 1042 779 1144 quidem
796 1069 922 1120 noxas
932 1071 1110 1149 semper,

91 1181 132 1240 et
150 1165 363 1240 necessario
381 1161 585 1238 succedere
601 1185 778 1236 vasorum
795 1187 1022 1264 magnorum
1044 1168 1100 1240 di-

89 1281 353 1369 latationibus,
383 1279 528 1353 nedum
567 1244 951 1378 inlrequeritissimcm
994 1267 1107 1359 issani

88 1401 272 1501 pulsuum
289 1399 479 1472 raritatem
487 1395 1100 1495 ,cujusoccasionehanctibihis·

87 1519 228 1602 toriam
242 1539 322 1590 esse
342 1513 566 1590 mittendam
585 1516 727 1613 putavi.

138 1661 176 1734 9.
197 1639 292 1708 Cum
311 1631 359 1707 de
374 1627 642 1732 inaequalitate,
658 1647 697 1706 et
712 1633 991 1722 intermissione
1009 1637 1095 1737 pul-

87 1775 205 1830 suum
226 1751 278 1826 ιιι
293 1766 331 1824 te
348 1749 553 1834 scriberem
572 1750 647 1849 (n),
674 1765 780 1824 etan
796 1752 886 1824 vitia
908 1755 1096 1850 ejusmodi

86 1898 113 1945 a
133 1867 312 1972 polypis,
339 1883 383 1942 ut
407 1870 625 1970 complures
650 1866 840 1961 fecerant,
863 1874 984 1971 repeti
1003 1873 1098 1972 pos'·

86 2003 197 2079 seut,
224 1987 476 2087 disquirerem
489 2015 512 2077 ;¹
538 1987 780 2080 memineris,
811 2003 854 2062 ut
882 2003 999 2088 puto,
1032 2015 1095 2064 me

85 2121 240 2180 tantum
252 2101 552 2179 dubitationibus
574 2105 646 2178 viri
663 2104 708 2183 cl.
731 2105 888 2178 Andreae
897 2111 1010 2180 Pastae
1027 2109 1095 2180 tri-

83 2225 237 2312 buisse,
256 2238 299 2296 ut
316 2222 440 2296 donec
457 2225 516 2299 vir
533 2221 630 2298 atter
648 2224 864 2322 experiens,
883 2224 1096 2325 doctusque

84 2344 267 2418 existeret
288 2341 356 2440 qui
374 2342 593 2441 perspicue,
625 2354 663 2414 et
687 2341 805 2414 solide
824 2355 987 2432 cunctas
1012 2344 1095 2419 illas
1179 2331 1184 2336 ⁵

82 2459 203 2534 nobis
222 2459 402 2534 eximeret
413 2457 689 2546 dubitationes,
707 2483 768 2532 me
787 2458 942 2558 quidem
960 2459 1095 2535 tandiu

81 2599 186 2689 cunr
198 2580 303 2650 rasta
320 2599 369 2650 an
391 2576 523 2676 polypi
539 2591 625 2649 ante
639 2589 819 2666 mortem,
848 2573 915 2649 diu
935 2601 1092 2676 proeser-

79 2669 175 2788 tim,
191 2695 447 2771 formarentur
465 2694 746 2782 dubitaturum,
772 2719 843 2766 nec
861 2708 988 2768 tamen
1011 2695 1094 2774 illas
1212 2775 1218 2786 ,

79 2817 253 2889 eximere
280 2814 331 2886 ite
359 2811 468 2890 facile
503 2831 584 2888 esse
613 2811 785 2886 dixerim
815 2810 928 2904 Quod
948 2811 1094 2888 dixisse
1110 2891 1116 2916 Δ,

78 2955 193 3008 nunc
215 2946 322 3008 tanto
335 2931 461 3004 minus
475 2953 537 3003 me
549 2932 709 3031 poenitet
724 2943 926 3030 postquam
938 2928 978 3002 in
995 2929 1094 3018 duos

77 3049 228 3125 i'ncidis
246 3049 465 3149 scriptores,
498 3072 665 3150 quorum
693 3031 822 3120 neut'ri
855 3071 934 3122 esse
961 3064 1093 3150 potam

75 3173 202 3242 Pastae
222 3165 325 3240 illam
353 3165 569 3266 epistolam,
582 3167 669 3240 misi
697 3166 880 3256 citarent,
910 3165 1092 3240 credidis·

76 3311 178 3362 sem.
197 3287 246 3358 tt
257 3299 357 3358 certe
373 3284 617 3386 perlegisse
594 3299 735 3358 attente
757 3307 838 3357 ιιοιι
855 3298 963 3384 puto
982 3287 1094 3358 Uter·
1200 3383 1211 3389 .
1269 3280 1272 3304 '

74 3428 167 3528 que
191 3403 296 3476 enim
316 3401 486 3501 quedam
515 3381 665 3500 objicit,
686 3421 770 3502 quae
799 3400 848 3476 ab
873 3426 920 3476 eo
942 3397 1119 3476 fuerunt

71 3503 175 3599 satis
193 3541 385 3620 superque
394 3520 586 3597 dissolute
595 3519 722 3593 Alter
713 3543 966 3617 inruperuna,
977 3543 1094 3618 quam

69 3638 290 3742 proponit,
324 3636 611 3729 observatione,
632 3637 779 3712 cunctis
798 3639 912 3710 Peste
935 3638 1093 3712 rationis

78 3810 1092 3890 ..-—-———-—-—-——-'·-——·--·

113 3927 170 4008 (1)
192 3926 289 4002 Epist.
303 3915 474 3995 ul,n.36·'
557 3908 582 3924 '¹
883 3899 887 3908 ι

107 4013 382 4110 ,mmmm

160 4150 199 4224 7.
903 4117 949 4198 33
