2836 4648
286 405 359 500 6³2,
449 435 495 484 ιιι
521 431 667 482 sturnus
691 435 735 482 ιιι
760 431 884 482 closis
909 433 1129 484 nonnosum

286 539 402 650 igitur
422 547 470 622 ad
492 547 555 622 illa
571 563 679 647 potes
695 546 876 646 adjicere,
892 573 976 647 quae
992 575 1039 622 eo
1057 565 1237 648 tempore
1254 514 1299 624 di

288 671 428 744 ossium
448 667 663 742 tumoribus
678 666 725 756 ad
743 683 779 742 te
798 656 929 767 scripsi
947 669 1023 766 (ι),
1044 669 1146 742 etde
1165 695 1299 742 eorum
1404 669 1405 690 ¹

290 787 524 890 emollitione
553 786 628 884 (2),
657 785 821 859 sicenim
842 785 912 858 alia
935 788 1055 884 magis
1078 785 1302 859 confirmari
1404 809 1405 890 ζ

286 905 474 1004 intelliges
487 959 498 995 ,
511 893 581 976 alia
596 919 722 978 autem
737 903 778 976 in
795 903 877 976 aliis
894 928 1006 1002 posse
1023 905 1230 978 interdurn
1245 907 1305 978 ali·
1404 903 1405 932 ³

288 1037 431 1122 quanto
447 1022 555 1097 aliter
572 1037 610 1096 et
628 1046 666 1096 se
681 1021 843 1110 habere,
854 1036 891 1094 et
907 1022 1098 1122 explicari.

340 1141 371 1214 5.
390 1145 500 1217 Nunc
517 1165 583 1240 age
602 1139 649 1212 ab
672 1139 956 1214 durissimarum
984 1141 1156 1238 partium
1179 1157 1305 1214 tumo-

230 1309 235 1318 ·
288 1259 397 1334 rihus
414 1258 462 1330 ad
478 1258 719 1347 mollissime,
742 1279 881 1356 nempe
901 1253 949 1330 ad
968 1256 1209 1330 membranae
1235 1257 1306 1330 adi·

288 1365 571 1478 posae‘tumores
583 1390 828 1453 transeamus.
849 1377 1022 1468 Quorum
1039 1373 1142 1447 mihi
1158 1376 1306 1448 interea
1326 1421 1332 1440 .

289 1507 426 1593 prater
451 1493 540 1564 alias
564 1491 630 1590 (3)
646 1489 855 1580 indicatos,
879 1491 958 1566 duo
982 1491 1045 1564 alii
1078 1491 1309 1593 obtigerunt

289 1608 556 1709 perlustrandi.
770 1601 776 1618 ⁶

340 1728 374 1800 6.
387 1732 490 1802 llnus
504 1728 544 1802 in
561 1729 784 1802 nosocomio
799 1721 1029 1816 decesserat,
1050 1753 1142 1800 cum
1156 1742 1310 1827 tempus

290 1845 448 1920 instaret
458 1845 619 1944 publica
637 1863 831 1920 anatomes
841 1843 1065 1920 inchoandae
1075 1867 1186 1930 anno
1207 1845 1308 1944 1755.

291 1963 481 2058 Cadaver,
499 1962 550 2038 ob
569 1965 770 2044 meliorum
790 1966 978 2063 inopiam,
1005 1964 1045 2042 in
1064 1967 1306 2063 gymnasium

290 2066 537 2156 illatum'cum
555 2083 801 2182 inspicerem,
820 2107 891 2156 nec
909 2081 1011 2154 aliud
1022 2081 1069 2154 de
1082 2107 1127 2154 ea
1145 2083 1306 2154 muliere

293 2215 503 2288 constaret,
520 2201 594 2273 nisi
611 2201 749 2272 sensim
777 2224 856 2274 esse
888 2212 1106 2288 mortuom
1134 2199 1307 2271 animad-

291 2320 403 2406 verti,
424 2319 553 2392 utalia
571 2320 766 2408 omittam,
792 2333 829 2390 et
846 2319 886 2389 in
903 2315 961 2390 his
989 2341 1138 2416 ungues
1157 2343 1207 2390 ex
1226 2319 1305 2416 pol-

294 2433 366 2508 lice
385 2435 583 2534 utriusque
601 2434 709 2534 pedis
731 2438 772 2508 in
785 2434 970 2509 corniculi
981 2431 1141 2507 modum
1161 2459 1308 2510 excres-

296 2569 444 2642 centes,
469 2551 575 2652 quod
590 2577 638 2626 se
669 2555 849 2652 utrinqne
876 2553 1020 2652 pariter
1044 2573 1163 2651 supra
1190 2553 1309 2644 duos,

293 2687 415 2746 tresve
431 2697 477 2746 ex
489 2671 673 2770 proximis
689 2669 814 2770 digitis
827 2670 1106 2770 contorquebat
1118 2698 1130 2762 ;
1140 2674 1312 2748 animad-

293 2791 406 2874 verti,
428 2791 609 2886 inquam,
627 2813 673 2862 er
696 2787 851 2864 femoris
874 2789 1015 2868 sinistri
1040 2790 1259 2880 anteriore,
1275 2807 1312 2866 et

293 2905 419 2982 media
447 2905 657 2981 secundum
681 2905 960 3006 longitudinem
990 2921 1096 3005 parte
1122 2908 1310 3006 protube-

294 3037 442 3114 rantem
459 3022 788 3123 hemisphericum
803 3039 1017 3114 tumorem,
1038 3025 1148 3120 cujus
1163 3025 1307 3098 diame-

295 3155 354 3216 ter
368 3139 505 3239 digitos
520 3155 754 3221 transversos
769 3140 868 3216 duos
888 3139 1105 3239 superabat,
1133 3144 1308 3217 mollem-

297 3281 373 3357 que
394 3253 512 3346 adeo,
536 3273 578 3332 ut
598 3282 671 3359 pro
691 3257 909 3346 meliceride
936 3273 1063 3357 posset
1089 3259 1306 3359 imponere.

297 3373 402 3450 eutis
434 3389 515 3448 erat
536 3374 590 3447 ibi
617 3377 772 3482 reliquae
803 3375 1005 3466 concolor,
1040 3377 1186 3476 inqua
1215 3377 1309 3450 nihil

297 3517 468 3596 ,usquam-
479 3508 559 3570 erat
577 3493 741 3582 imerici,
760 3493 826 3570 sed
842 3493 935 3568 levis
950 3493 1223 3569 tantummodo
1240 3519 1310 3570 sca·

299 3667 1306 3698 *un-*mm

341 3793 384 3874 (1)
405 3798 498 3871 Epist.
510 3779 566 3870 50,
594 3819 624 3856 ιι.
641 3797 677 3870 57
692 3809 722 3856 et
737 3817 798 3874 seq.

339 3893 382 3972 (a)
403 3897 472 3952 Vid.
487 3897 575 3956 etiam
589 3897 751 3987 Epl⁸lr⁵⁸2
769 3918 801 3954 ιι.
814 3898 831 3956 6
845 3909 874 3956 et
888 3917 951 3975 seq.

340 3991 382 4072 Ι(3)
404 3995 499 4071 Epist.
516 3994 573 4071 50,
590 4017 621 4054 ιι.
637 4017 674 4056 ιι
692 4009 721 4054 et
734 4017 795 4073 seq.

378 4089 381 4096 n
