2700 4660
265 323 340 398 282
429 347 476 398 nr
500 347 648 398 srnrros
672 350 718 398 er
742 347 868 398 orosts
893 347 1105 401 mortonem

263 477 301 534 te
315 461 614 562 animadvertere
630 463 816 562 potuisses
826 519 836 553 ,
846 463 908 534 bic
923 461 1179 535 admonerem.
1198 461 1265 536 Sed

266 581 353 652 satis
377 582 424 652 de
442 580 698 670 mineralibus,
718 605 805 653 cnm
833 583 943 657 etiarn
964 606 1048 678 quae
1073 605 1096 652 a
1121 596 1265 680 sumpto

265 693 449 795 sulphure
464 698 690 772 detrimenta
700 683 880 788 iriderim,
894 700 984 774 alias
1001 698 1056 798 (r)
1071 701 1266 798 acceperis

266 817 376 888 Nunc
407 815 578 914 quaedam
613 817 664 889 de
685 817 959 917 vegetabilibus
992 820 1151 892 venenis
1182 833 1268 890 atte-

266 956 408 1006 ramus.

313 1075 377 1122 ta.
395 1052 741 1150 Pauperoula,nata
758 1078 879 1126 annos
895 1055 1046 1126 circiter
1065 1051 1270 1150 sexaginta,

213 1187 216 1194 ·
269 1191 423 1266 quase,
441 1193 698 1268 nossemque
725 1172 805 1267 ejus
833 1171 890 1243 rei
916 1195 1027 1244 causa
1057 1186 1173 1258 esset,
1189 1170 1271 1241 alias

269 1285 441 1360 voluerat
458 1288 498 1358 in
518 1267 660 1370 flenter
687 1289 871 1386 dejicere,
902 1289 1108 1360 novissime
1126 1312 1214 1358 cum
1232 1311 1272 1357 ex

222 1423 224 1428 ’
271 1399 573 1503 rhododaphne‚
590 1431 705 1502 quern
726 1405 902 1478 fruticem
929 1417 1119 1478 nostrates
1143 1416 1273 1474 vocant

268 1527 476 1616 oleandro,
497 1553 672 1626 magnam
699 1527 878 1602 foliorum
902 1531 979 1600 vim
1010 1529 1274 1624 decerpsisset,

239 1695 243 1704 ·
268 1670 314 1716 ex
332 1645 453 1744 iisque
468 1649 645 1718 contusis
671 1671 890 1746 expressum
915 1669 1090 1731 succum,
1118 1644 1274 1714 admisto

268 1763 377 1851 vino,
396 1762 573 1853 bibisset3
593 1764 716 1861 tribus
736 1765 813 1838 fere
843 1779 929 1863 post
945 1764 1051 1834 horis
1075 1787 1095 1834 a
1111 1761 1274 1834 mulieri*

164 1899 167 1906 '
269 1875 342 1952 bus
370 1907 453 1978 quae
471 1883 509 1952 in
533 1883 716 1980 proximis
740 1897 849 1964 erant
868 1879 1208 1968 Zotbecis‚.audita
1226 1892 1274 1950 est

181 2088 184 2095 s
272 2021 428 2070 vomere
454 1998 717 2072 vehementer.
750 2004 987 2072 Accurrunt:
1027 1996 1123 2094 quid
1152 1994 1274 2097 fecerit

270 2117 509 2218 intelligunt:
534 2112 732 2190 et'sitienti
757 2143 863 2216 aquae
892 2117 1070 2214 cyathum
1089 2114 1274 2213 praebent,

271 2250 358 2332 post
373 2237 555 2307 vomitum
584 2251 671 2311 ratae
694 2236 903 2308 nihil'mali
926 2235 1100 2307 relictum
1125 2233 1185 2302 iri.
1209 2236 1275 2304 Ve-

272 2367 359 2424 ‘rum
380 2377 466 2423 cum
485 2357 574 2425 mox
587 2355 747 2452 pessime
762 2353 903 2427 habere
919 2367 1141 2437 cernerent,
1159 2373 1275 2424 saeer-

274 2453 383 2542 dotes
398 2473 562 2568 primum
575 2527 584 2560 ,
595 2487 675 2544 tum
693 2471 830 2544 deinde
848 2487 885 2544 et
899 2486 1093 2556 nostrum,
1105 2469 1174 2566 qui
1185 2467 1275 2540 forte

272 2587 375 2660 haud
395 2589 645 2686 protulerat,
670 2589 892 2661 Mediaviarn
911 2603 1131 2674 accersunt,
1148 2587 1276 2684 quinta

275 2709 425 2779 circiter
455 2733 500 2778 ex
529 2732 609 2805 quo
632 2708 769 2780 mulier
795 2720 951 2780 succrtm
976 2707 1083 2779 illum
1108 2703 1276 2790 biberat,

274 2826 379 2896 hora.
410 2831 455 2896 In
481 2826 729 2924 respiratione
757 2824 864 2900 nibil,
884 2823 1149 2896 animadvertit
1175 2809 1276 2920 quod

198 2993 200 3006 ·
273 2967 505 3042 magnopere
535 2959 632 3016 esset
663 2944 846 3016 adnotatu
875 2943 1053 3041 dignum,
1081 2965 1211 3037 neque
1240 2939 1275 3007 in

272 3057 382 3150 facie,
399 3062 430 3133 si
451 3058 555 3131 fusca
575 3060 699 3151 labra,
722 3077 759 3132 et
786 3059 944 3134 inferius
960 3059 1193 3157 praesertim,
1220 3080 1275 3128 ex·

163 3240 174 3254 s
274 3179 412 3276 cipias;
433 3203 519 3250 narn
534 3195 664 3252 caetera
679 3195 743 3250 aut
754 3178 913 3262 naturali
934 3192 1041 3250 erant
1056 3176 1204 3266 colore,
1218 3186 1276 3246 aut

273 3296 335 3366 vix
354 3293 400 3364 ad
417 3282 600 3392 pallidum
626 3297 804 3368 nonnihil
825 3291 1051 3402 vergebant:
1074 3319 1147 3366 nec
1178 3291 1275 3392 frigi·

275 3412 366 3485 dum
404 3436 544 3512 corpus
575 3431 675 3502 erat,
702 3413 768 3488 sed
797 3413 977 3488 duntaxat
1006 3411 1120 3514 paulo
1155 3413 1273 3482 minus

274 3555 387 3628 quam
402 3530 583 3630 tepidum.
600 3536 694 3602 Cum
707 3529 854 3606 feminae
866 3585 877 3620 ‚
890 3531 974 3633 quae¹
990 3529 1204 3618 adstabant,
1226 3527 1274 3599 di-

273 3661 429 3720 cerent:‘
442 3649 519 3744 jam
537 3648 683 3719 nullam
701 3673 895 3748 superesse
917 3647 1103 3746 loquendi
1129 3645 1274 3721 faculta-

314 3907 358 3989 (ι)
379 3909 474 3986 Epist.
491 3907 545 3982 55,
560 3929 590 3968 n.
606 3930 624 3990 9
639 3923 668 3972 et
682 3930 746 3990 seq.
