2700 4660
75 491 142 544 ma
155 494 207 544 iv.
223 495 269 544 ou
283 492 421 544 uotiuis
435 490 631 560 curarem,
646 483 714 546 ete.
733 493 845 544 misr.
862 495 943 544 uxr
965 469 1035 572 ²73

30 609 151 706 guinis
163 615 315 685 varium
333 607 436 698 fiori,
453 607 519 682 vel
531 614 723 706 intercipi,
743 625 786 681 ut
804 609 969 708 Wepferi
983 611 1038 707 (1)

31 743 109 796 utar
124 725 274 814 verbis,
299 703 375 798 sive
394 725 477 822 ejus
507 725 788 820 circulationem
805 749 904 798 nuuc
922 713 1050 826 impe-⁴
1093 789 1097 798 .

28 843 154 932 ditum,
167 869 269 916 nuno
285 841 583 935 confusissimum
592 826 694 933 esse,
711 847 922 942 contingit;
942 871 1036 918 con·

31 961 144 1058 tinget
161 941 340 1058 quoque,
352 960 577 1056 sanguinem
596 960 704 1032 aliter
714 962 753 1032 in
764 961 845 1034 aliis
856 964 1038 1034 constitu-

31 1091 104 1148 tum
125 1076 373 1180 deprehendi.
394 1082 525 1173 Itaque
538 1077 709 1148 Meadius
724 1078 779 1175 (α)
790 1074 873 1151 fieri
889 1094 1039 1166 censet,

32 1209 69 1266 ut
78 1197 108 1267 si
125 1194 331 1267 universali
345 1195 503 1292 paralysi
519 1219 539 1264 a
553 1219 702 1268 veneno
716 1194 886 1283 inducta,
910 1195 1036 1270 subito

32 1293 223 1384 circulatio
254 1309 552 1398 sufflaminetur,
581 1313 733 1410 sanguis
765 1311 806 1383 in
832 1315 926 1386 vasis
950 1338 1036 1411 per-

21 1426 118 1504 fecte
138 1428 282 1502 fluidus
303 1445 460 1528 perstem
480 1429 568 1500 alias
592 1444 718 1504 autem
737 1429 855 1528 (iiut
877 1431 1037 1505 circula-

33 1547 127 1618 tione
152 1546 323 1635 turbata,
357 1546 632 1644 secretionibus
658 1548 899 1645 interruptis,
922 1551 1035 1618 mini·

35 1667 97 1737 mis
113 1665 277 1738 vasculis
296 1666 529 1760 stagnatione
556 1664 765 1762 impeditis,
796 1691 878 1762 quae
908 1667 1055 1738 omnia‘

36 1781 78 1852 ob
94 1782 250 1856 affectos
273 1807 409 1856 nervos
430 1783 676 1878 contingunt,
698 1785 847 1880 sanguis
872 1784 952 1881 ipse
972 1809 1035 1855 va-

37 1900 82 1972 rie
104 1917 294 1990 mutetur,
314 1915 447 1998 utpote
471 1901 538 1997 qui
557 1924 644 1970 cum
675 1901 721 1971 sit
745 1899 893 1972 lmmor‘
912 1927 957 1972 ex
978 1901 1035 1972 di·

37 2021 142 2092 versis
166 2020 356 2119 permistis
381 2017 629 2116 compositus,
654 2017 927 2089 mutationibus
950 2019 1033 2116 qui·

38 2132 266 2236 boscumque
294 2135 483 2214 obnoxius
513 2151 596 2220 est,
625 2123 709 2206 solo
741 2149 885 2206 mutato
915 2152 1030 2208 motu.

39 2255 257 2328 Mutationes
285 2269 410 2326 autem
439 2252 495 2324 hae
529 2253 740 2350 sauguinis,
781 2267 1032 2350 praeterquam
1063 2313 1065 2318 .
1174 2315 1176 2318 .

39 2373 132 2465 quod
161 2398 288 2471 neque
315 2369 478 2470 primus,
511 2394 636 2468 neque
668 2372 846 2468 proprius
874 2368 1030 2444 effectus

40 2485 195 2563 devorati
211 2491 349 2564 veneni
370 2505 476 2577 sunt,
492 2515 563 2587 pro
580 2489 681 2558 varia
706 2514 786 2558 nou
809 2488 923 2560 modo
945 2467 1029 2561 ner·

39 2627 159 2693 vorum
183 2607 400 2696 affectione,
419 2607 483 2680 sed
498 2621 534 2678 et
560 2606 751 2703 sanguinis
765 2607 888 2702 'ipsius
904 2604 1030 2705 dispo·

41 2722 160 2799 sitione
186 2728 299 2826 longe
321 2727 399 2830 aliae
422 2727 462 2796 iu
487 2723 567 2794 aliis
598 2721 824 2820 corporibus
843 2745 921 2794 esse
943 2747 1030 2821 pos-

42 2860 122 2916 sunt.
140 2851 293 2943 Itaque,
311 2869 358 2916 ue
372 2843 420 2914 ab
434 2842 606 2915 arsenico
625 2839 861 2923 recedamus,
879 2855 1030 2930 mortua

41 2956 211 3051 mittut,
238 2961 375 3032 mulier
399 2959 577 3048 fluidum,
598 2971 645 3038 ¹ut
664 2980 778 3054 supra
805 2955 860 3053 (A)
887 2957 1028 3056 legisti,

44 3081 246 3177 sanguinem
266 3080 415 3168 habuit,
448 3077 561 3174 atque
594 3076 834 3182 coccineum3
856 3090 1030 3148 mortuus

44 3211 149 3270 autem
167 3197 218 3270 ob
238 3198 339 3269 idem
357 3193 477 3284 cauis,
490 3191 811 3292 quemadmodum
832 3193 1029 3267 retulimus

44 3333 139 3411 supra
150 3315 222 3414 (5),
245 3337 471 3416 grumosum
486 3311 618 3406 habuit
637 3325 675 3384 et
694 3310 855 3409 nigrum.
881 3313 927 3380 Et
948 3311 1028 3408 ipse
