2824 4652
83 467 224 550 trev.
238 499 919 554 araneasrrsrouasurrrroa,rrrsr.
927 497 1023 555 rx1v,
1044 469 1113 546 502

85 614 284 713 subjecit.
299 621 396 689 Cum
407 617 510 696 enim
523 615 726 714 quemdam
735 629 889 688 nautam
899 668 908 702 ,
919 584 961 684 iri
970 609 1116 682 Tamesi

85 730 228 810 fluvio
259 733 518 826 submersum,
556 759 627 808 neo
654 734 727 808 nisi
750 747 840 832 post
868 729 1118 829 quadrantem

89 849 220 924 horca
244 875 328 938 cum
349 851 506 929 dimidio
532 853 728 924 inventurn
741 903 751 940 ,
765 864 807 948 et
827 842 1055 936 estractum,
1076 846 1118 917 in

90 969 228 1040 vitam
246 971 370 1069 ‘cujus
394 969 498 1044 nulla
531 983 754 1067 supererant
786 969 914 1068 signa,
940 988 1075 1038 revoca

93 1101 338 1176 conaretur,
371 1112 452 1163 non
479 1083 595 1176 illico
616 1102 787 1184 asperam
819 1083 1019 1172 arteriam,
1053 989 1128 1154 seq

91 1202 215 1296 hora
229 1208 374 1302 integra
386 1207 465 1303 jam
477 1206 518 1276 in
529 1227 641 1277 usum
659 1217 879 1279 caeterorum
892 1200 1128 1274 auxiliorum·

94 1305 332 1436 insinnptss
362 1339 443 1396 tum
471 1322 637 1421 denique
665 1319 884 1422 perforavit,
907 1344 978 1392 nec
999 1311 1122 1402 allum

96 1437 376 1530 sibilum‚arrt
401 1440 504 1514 aliud
536 1442 769 1542 erumpentis
798 1441 894 1513 aeris
918 1434 1135 1524 indicium,''

97 1557 223 1656 quod
241 1565 336 1648 aiat,
350 1559 615 1634 animadvertit
633 1587 643 1648 ;
659 1561 737 1661 imo
749 1581 819 1658 per
835 1556 930 1631 illud
950 1555 1120 1630 foramen

99 1673 241 1755 fistula
263 1677 429 1751 immissa
461 1703 587 1752 aerem
614 1683 756 1750 iteratis
784 1677 927 1750 vicibus
951 1671 1122 1772 impulit,
1236 1707 1243 1771 j
1349 1761 1368 1780 ,‚

100 1811 152 1867 ut
167 1800 227 1868 sie
255 1797 395 1894 inflatis
413 1796 638 1896 pulmonum
657 1793 851 1882 vericulis,
880 1793 1036 1891 aliisque
1050 1789 1129 1877 ada

101 1912 248 1986 hibitis
259 1906 369 2012 (quae
382 1899 510 1986 orinia
529 1901 634 1989 haud
645 1913 830 1986 inutiliter
840 1909 956 2011 leges)
976 1909 1128 1982 auxiliis

103 2029 323 2104 haerentent
343 2032 562 2130 sanguinem
573 2047 834 2131 promoveret,
850 2025 956 2127 quod
969 2024 1125 2100 tandem
1197 2018 1200 2026 ’

104 2163 171 2222 est
195 2146 407 2222 felicissime
432 2166 668 2238 consecutus.
701 2151 780 2222 Nec
804 2169 896 2220 vero
917 2150 1016 2218 intra
1043 2142 1124 2238 ejus

106 2267 324 2340 curationis
349 2282 518 2369 tempus,
554 2267 658 2366 quod
690 2267 804 2340 horas
830 2261 1127 2347 excessitduas,

64 2423 66 2432 ι
102 2381 241 2458 donee
272 2383 446 2458 videlicet
468 2401 658 2476 mortuus,
677 2401 759 2458 uta
781 2386 906 2485 primo
924 2379 1128 2455 videbatur

105 2514 238 2572 nauta
251 2506 290 2570 in
309 2507 426 2574 vitam
438 2518 631 2576 revocatus
651 2519 723 2590 est,
742 2502 951 2602 quidquam
971 2498 1124 2593 exejus

110 2639 187 2688 ore
199 2617 538 2713 ejectumdicitur,
553 2636 596 2695 ut
610 2619 710 2692 hanc
727 2617 805 2692 no'n
824 2621 1011 2718 possimus
1036 2637 1128 2706 cum

110 2731 450 2808 observationibus
482 2729 643 2826 nostri's‚'
672 2733 880 2818 aliorumre
908 2733 1126 2818 conciliare,

111 2849 259 2926 Halleri
277 2852 461 2950 inprimis
479 2853 710 2926 solertissimi
729 2853 815 2942 viri,
828 2851 935 2948 cujus
951 2875 1030 2922 non
1047 2863 1124 2921 tam

109 2969 157 3040 in
172 2969 331 3042 muliere
348 2991 433 3068 quae
449 2969 637 3068 plusculis·
646 2969 773 3060 horis,
792 2993 906 3070 quam
921 2970 960 3040 in
976 2965 1066 3056 sete,
1083 2980 1123 3042 et
1175 3047 1177 3052 ,

114 3081 303 3176 canibus,
338 3085 602 3186 brevissimum
639 3088 688 3160 ad
721 3103 873 3187 tempus
904 3087 1129 3173 submersis,
1149 3129 1177 3148 κ

114 3203 266 3296 habitas
289 3205 536 3288 dissertiores
559 3206 646 3278 satis
667 3203 781 3280 fuerit
805 3206 867 3278 hic
890 3206 1011 3280 verbo
1028 3204 1130 3276 india

118 3347 223 3399 casse
246 3338 327 3395 tum
347 3325 437 3422 quia
452 3319 522 3396 tibi
540 3323 581 3396 iu
602 3348 686 3398 mea
703 3325 766 3396 illa
780 3325 937 3424 epistola
952 3321 1007 3422 (1)
1022 3347 1127 3404 com-

117 3439 467 3658 memoratasgm
481 3441 570 3538 quia
580 3443 801 3542 nuperrime
818 3440 866 3514 ab
884 3443 968 3543 ipso
987 3442 1130 3512 iterum.

117 3557 334 3662 propositas
376 3587 396 3630 2
432 3557 562 3632 videre
585 3575 720 3658 potes,
748 3558 937 3656 simulque
967 3573 1130 3654 eognos-

48 3737 51 3743 .
120 3702 228 3766 cere,
259 3691 303 3748 ut
326 3677 505 3752 viseidam
532 3677 633 3750 illam
656 3701 827 3776 spumam
851 3699 934 3776 quae
956 3699 1001 3747 ex
1031 3697 1129 3772 aqua

157 3959 204 4142 iii
223 3962 315 4122 itini.
333 4081 385 4121 eur
394 4061 542 4141 plusieurs
553 4061 696 4142 Ρὶιέιιοιιι.Ι
712 4059 750 4120 de
764 4057 795 4120 la
810 4057 934 4136 respit„
949 4077 973 4117 s.
992 4063 1019 4128 4.
