2836 4648
240 449 313 545 664
406 473 454 526 ιι
478 475 628 530 sumnus
650 477 695 528 ιτ
720 477 845 530 causis
869 477 1082 528 ιιοιιοιιιι

243 613 337 688 pore
353 589 430 688 jam
455 585 613 664 luissent
635 615 714 690 quo
732 613 817 666 ossa
835 589 960 664 adbuc
978 589 1115 662 flexilia
1134 588 1256 689 magis

244 706 424 780 cederent
439 707 611 806 corporis
627 706 788 806 ponderi
802 708 843 780 in
861 704 928 778 illo
946 723 1033 802 artu
1048 731 1130 806 quo
1143 709 1255 806 puel-

244 821 337 912 lula,
353 837 395 896 ut
409 826 527 922 magis
543 821 673 914 firmo,
694 839 732 914 et
745 823 898 898 dolores
915 825 1041 898 minus
1053 840 1258 912 movente,

245 943 364 1040 magis
382 942 452 1013 niti
472 932 737 1036 consuevisset.
802 943 804 948 ’

299 1082 353 1132 ιι.
372 1055 474 1152 Quid
492 1077 584 1156 ergo
606 1057 794 1132 esthum
814 1055 891 1132 filia
911 1083 990 1132 non
1016 1083 1148 1133 verum
1169 1083 1260 1130 nar-

246 1174 377 1250 rabat?
392 1201 439 1248 an
452 1191 571 1248 mater
588 1200 668 1248 non
679 1176 761 1248 sine
777 1189 972 1250 structurae
986 1175 1085 1250 vitiis
1103 1175 1263 1274 quibus
1283 1239 1285 1241 ,

248 1293 335 1368 dam
351 1319 396 1366 ex
415 1293 461 1366 iis
480 1317 562 1392 quae
576 1291 861 1392 descripsimus,
882 1309 992 1384 nata,
1010 1293 1162 1366 modice
1178 1294 1261 1390 jam

248 1410 296 1484 ab
310 1410 434 1498 initio,
453 1424 491 1482 et
510 1409 709 1506 juventute
728 1408 888 1500 lloreus,
908 1409 1167 1484 claudicabat?
1188 1409 1263 1482 Ubi

249 1541 378 1600 autem
409 1549 455 1600 ex
481 1523 707 1599 difficillimo
740 1541 876 1626 partu,
905 1527 1009 1600 unde
1038 1527 1120 1600 aliis
1150 1526 1266 1598 aliter

249 1641 562 1718 claudicationem
592 1643 791 1749 accidisse,
811 1669 832 1716 a
855 1667 916 1716 mc
940 1643 1031 1716 alibi
1048 1644 1103 1742 (1)
1117 1667 1265 1715 memo-

249 1773 374 1836 ratum
389 1775 462 1854 est,
475 1781 574 1834 nova
593 1785 704 1834 causa
719 1760 767 1836 ad
785 1775 982 1836 structura·
994 1762 1128 1833 vitium
1140 1785 1266 1834 acces

251 1879 316 1966 sit,
331 1891 414 1952 tum
433 1901 525 1952 vero
543 1877 670 1968 acerbi
690 1871 863 1968 dolores,
881 1891 918 1952 et
934 1876 1158 1952 claudicatio
1179 1902 1265 1950 rna-

251 1993 490 2070 nifestissima
518 1994 729 2069 advenere?
752 2011 790 2068 et
812 2010 954 2085 mater,
981 2012 1026 2068 ut
1055 1995 1265 2074 mulierum

159 2193 164 2202 ,
253 2111 648 2212 mosest,indeponus
662 2109 1265 2213 quasiptrinfortunium,qpam

253 2229 302 2304 ab
319 2245 406 2306 ortu
420 2231 526 2329 ipso,
547 2229 651 2304 credi
671 2231 804 2304 maluit
827 2226 937 2304 suum
962 2230 1142 2306 morbum
1160 2233 1265 2322 ,exti-

254 2347 368 2444 tisse?¹
386 2352 496 2420 Certe
515 2369 576 2421 eas
591 2371 742 2435 omnes,
759 2363 797 2421 et
815 2347 1019 2445 ejusmodi,
1038 2349 1171 2448 quales
1197 2348 1264 2420 de-

256 2465 491 2566 prehensaea
517 2464 630 2542 nobis
653 2480 762 2556 sunt,
796 2467 1023 2542 mutationes
1051 2469 1091 2538 in
1113 2465 1266 2540 ossibus

257 2584 458 2682 contigisse
483 2581 618 2656 adultae
639 2581 830 2672 mulieris,
849 2598 887 2656 et
907 2581 1071 2656 duorum
1093 2581 1266 2657 filiorum

255 2701 332 2798 jam
361 2700 510 2784 matris,
542 2725 621 2774 non
654 2697 759 2774 facile
793 2701 981 2802 quispiam
1016 2699 1269 2791 existimabit,

258 2819 462 2916 presertim
483 2841 570 2890 cum
587 2817 790 2892 humorem
804 2814 914 2894 illum
923 2829 1037 2920 quem
1051 2820 1268 2908 accessisse,

259 2949 299 3010 ct
322 2933 545 3010 ischiadicos
573 2932 703 3010 fecisse
737 2931 890 3010 dolores
915 2933 1093 3010 arbitrari
1123 2938 1268 3035 possit,

260 3075 310 3124 ue
326 3076 370 3134 ca
386 3052 541 3151 quidem
552 3053 760 3128 acrimonia
771 3050 1089 3154 fuissepraeditum
1100 3053 1268 3126 animad-

144 3197 146 3204 >
261 3181 398 3256 vertet,
433 3193 550 3267 quam
573 3171 614 3242 in
640 3169 774 3242 clauda
803 3169 983 3245 alternet
1012 3171 1062 3248 ab
1097 3171 1265 3244 ischiada

263 3283 361 3358 male
375 3283 502 3358 habita
512 3285 669 3360 muliere
675 3287 787 3385 (a)ex
798 3288 970 3360 crosione
979 3289 1210 3388 cartilaginis
1220 3295 1269 3362 le·

265 3403 381 3476 moris
389 3418 502 3502 caput
518 3403 759 3492 obducentis,
779 3419 816 3478 et
829 3429 876 3480 ex
887 3407 1177 3504 sanguinolenta
1189 3432 1273 3482 ace·

266 3518 491 3599 tabulifccie
502 3522 675 3619 cognovi.
686 3525 808 3614 Quam
821 3522 1273 3614 tamenhistoriam,sivis

191 3651 193 3657 ‘
267 3637 424 3737 relegito
435 3653 489 3728 ,et
502 3661 588 3712 cum
599 3637 662 3712 illa
670 3637 776 3714 banc
789 3640 1029 3740 conjungito,
1046 3657 1112 3716 aut
1125 3698 1135 3734 ,
1149 3645 1181 3716 si
1193 3668 1275 3718 mas

276 3798 1277 3848 --.---....-...........s...........

283 3937 288 3948 .
310 3892 357 3976 (ι)
376 3895 471 3972 Epist.
490 3897 543 3969 48,
560 3917 591 3954 n.
606 3843 656 3956 32,

186 4047 187 4050 ,
311 3993 357 4079 (n)
377 3995 471 4074 Epist.
489 3995 544 4071 57,
562 4016 592 4054 n.
607 4013 636 4056 a.
