2836 4648
202 483 205 490 ,
287 523 295 536 Ι
328 431 402 518 654
499 455 546 500 nn
572 453 718 504 seorsus
743 455 787 502 nr·
812 453 938 506 causis
962 456 1170 508 nonnosum

327 573 446 666 Caput
478 565 643 664 denique
674 567 859 656 secand0‚
888 570 1136 665 temporalem
1175 570 1297 670 quiden

326 684 539 758 musculum
550 684 617 782 qui
629 683 762 756 abictu
774 701 953 758 contusus
965 684 1105 777 fuerat,
1122 689 1297 780 tumidum,

323 805 549 902 nigrumque
570 803 748 900 conspexi
767 803 817 876 ob
836 819 1093 888 remorantem
1115 809 1155 876 in
1174 831 1294 880 cosan·

326 923 500 1017 guinem,
528 919 824 1017 interioremque
864 935 1091 994 structuram
1128 923 1292 998 laxantem

326 1039 504 1110 Granium
519 1062 608 1108 vero
625 1063 749 1134 neque
766 1037 839 1125 ibi,
867 1063 991 1134 neque
1015 1039 1108 1114 alibi
1139 1041 1210 1113 ulla
1227 1040 1296 1112 srae-

325 1177 433 1245 tura‚
450 1155 645 1244 fissuram,
661 1167 697 1228 et
715 1180 763 1226 ne
783 1156 1026 1252 depressione
1034 1157 1190 1254 quidem
1201 1159 1297 1230 lasum

326 1271 478 1346 offendi.
500 1277 595 1346 Vasa
613 1288 737 1344 autem
762 1297 831 1370 per
856 1287 1009 1346 tenuem
1033 1276 1245 1373 meningen
1259 1298 1299 1344 re·

325 1392 451 1489 peutia
465 1391 574 1488 nigro
581 1392 762 1488 sanguine
773 1373 914 1488 'passim
932 1391 1188 1490 turgidissima
1201 1379 1300 1464 occurss

324 1522 476 1596 rerunt,
493 1508 601 1604 cujus
621 1533 735 1606 supra
755 1531 837 1579 eam
857 1509 1076 1607 meningem
1102 1507 1211 1582 effusi
1234 1531 1299 1606 gru-

324 1650 409 1698 mus
423 1651 501 1697 non
520 1624 720 1702 mediocris
732 1625 1045 1723 conspiciebatur.
1063 1627 1185 1722 Hujus
1197 1628 1301 1724 igitur,

324 1759 363 1815 et
383 1744 640 1818 concussionis
651 1743 796 1816 cerebri
813 1767 914 1816 mors
927 1745 989 1818 illa
1002 1759 1077 1816 tam
1093 1745 1166 1815 cita
1178 1741 1302 1814 effectus

296 1859 405 1946 tuit.

376 1981 409 2053 3.
427 1981 625 2054 Historiam
641 1979 833 2062 hancaliis
846 1978 962 2052 addes
975 2004 1070 2076 quas
1092 1980 1165 2053 sub
1183 1977 1301 2050 initium

326 2099 544 2196 scripsimus
560 2097 802 2194 epistolarum
819 2100 866 2168 LI
885 2112 922 2168 et
937 2100 1024 2188 LII,
1040 2086 1210 2168 cranium
1227 2094 1300 2192 pari·

325 2231 384 2287 ter
404 2215 450 2288 ab
462 2214 598 2288 ictibus
610 2215 780 2302 illaesum,
797 2229 835 2286 at
853 2239 931 2286 non
947 2239 989 2288 ea
1004 2239 1089 2312 quae
1105 2215 1228 2287 cranio
1243 2208 1300 2284 sub
1373 2211 1374 2246 r

328 2349 430 2423 sunt,
451 2326 715 2422 ostendentes3
745 2356 962 2430 quanquam
986 2333 1026 2404 in
1054 2333 1204 2404 illarum
1224 2326 1301 2400 nulla

327 2467 403 2524 tarn
419 2453 489 2524 cita
502 2476 605 2524 mors
621 2466 748 2524 secuta
766 2464 830 2522 est.
847 2455 881 2523 N
885 2475 957 2522 unc
982 2450 1113 2548 accipe
1132 2473 1238 2548 quam
1254 2441 1301 2516 ad·

323 2571 429 2666 jicias
444 2569 551 2642 alteri
563 2569 601 2640 iu
616 2569 786 2666 proxima
798 2568 954 2666 epistola
964 2570 1046 2643 LIII
1060 2560 1301 2665 descriptam

325 2688 498 2760 Secunda
514 2688 614 2760 enim
634 2701 690 2760 est
707 2687 836 2784 inqua
854 2686 966 2758 nobis
981 2709 1020 2757 se
1036 2675 1229 2760 se'obtulit
1244 2703 1302 2754 cor·

325 2803 384 2876 dis
409 2805 555 2876 vulnus.
577 2805 636 2874 Sic
661 2829 683 2874 a
713 2803 903 2901 praecipuo
929 2805 1072 2876 viscere
1101 2803 1249 2878 cerebro
1270 2791 1303 2866 ad

325 2921 484 2994 alterum
522 2923 645 2994 viscus
682 2923 913 3018 praecipuum
949 2945 1037 3011 eor,
1074 2937 1115 2994 et
1146 2909 1302 2993 a'celens

325 3040 457 3110 mortis
473 3063 560 3110 casu
571 3037 617 3112 ad
629 3037 831 3120 celerrimae
840 3038 1056 3136 exemplum
1072 3035 1300 3108 transibimus.

377 3160 410 3240 4.
434 3156 559 3228 Sutori
578 3179 768 3226 annorum
796 3155 946 3235 circiter
963 3154 1233 3253 quadraginta,
1252 3166 1302 3245 per

326 3271 442 3344 scalas
470 3271 687 3344 ascendenti
711 3271 887 3345 inimicus
918 3271 1153 3345 descendens
1180 3267 1299 3340 obviam

323 3388 703 3488 venitrcultrumque
722 3393 761 3460 in
779 3405 911 3487 pectus
924 3387 1073 3478 defixit,
1091 3405 1129 3463 et
1146 3385 1299 3460 continuo

326 3506 479 3607 aufugit.
506 3506 572 3578 Ille
601 3531 692 3577 vero
726 3531 765 3578 se
780 3506 1029 3598 vulneratum¹
1047 3524 1128 3578 esse
1148 3506 1300 3580 clamans,

327 3639 365 3696 et
382 3626 547 3698 cultrum
565 3623 755 3696 evulnere
767 3623 967 3699 extrahens
979 3677 989 3713 ,
1002 3614 1080 3696 tam
1099 3627 1173 3697 cito
1188 3617 1298 3694 ibidem

320 3823 1292 3858 *mn-⁸⁶

347 3997 407 4077 u)
428 4002 468 4058 u.
488 3999 540 4058 ae.
