2700 4660
286 436 355 486 212
453 439 500 484 Du
526 437 672 486 sumnus
697 437 741 484 ΕΤ
766 433 890 484 CAUSIS
914 431 1126 487 IORBOBUM

283 573 392 645 gere3
410 542 647 647 nequeenim
665 549 705 618 in
723 547 899 622 omnibus
924 546 1053 620 eadem
1077 571 1158 620 esse
1180 545 1276 618 duria
1336 531 1337 534 Ἴ

282 665 353 752 tie,
370 667 442 738 sed·
455 691 525 764 pro
548 667 651 736 vario
674 666 771 736 ossei
798 665 901 736 succi
929 665 1274 765 coagmentatione,

281 799 319 854 et
334 782 640 855 consolidationis
649 763 787 880 gradu,
806 781 886 854 aliis
904 783 1042 880 magis,
1057 781 1139 853 aliis
1155 783 1274 852 minus

281 925 359 972 esse
383 899 499 970 dura:
527 897 631 994 quod
658 923 768 970 exeo
792 896 947 970 forsitan
967 895 1193 970 confirmare
1211 921 1275 995 po-

279 1018 429 1104 tuisset,
446 1014 553 1112 quod
569 1017 609 1087 in
628 1013 776 1090 feminis
796 1015 918 1086 multo
934 1017 1083 1114 saepius,
1105 1039 1220 1113 quam
1237 1015 1273 1084 in

278 1132 463 1220 maribus,
477 1131 612 1204 mollia
628 1129 725 1206 fiunt
741 1160 749 1203 :
768 1131 930 1204 emolliri
955 1147 1078 1205 autem
1099 1130 1195 1202 illud
1220 1155 1274 1203 os-

278 1273 399 1336 seum,
415 1263 458 1324 ut
485 1248 664 1337 vocabat,
684 1271 863 1348 gypsum,
889 1249 1031 1347 quippe
1062 1247 1273 1337 olcolicum‚
1338 1241 1339 1306 i

276 1363 324 1438 ab
342 1365 457 1460 acidis
473 1385 556 1463 qnae
576 1367 616 1436 in
633 1368 775 1439 ossium
797 1390 882 1438 vasa
909 1366 1077 1452 irruant,
1110 1363 1273 1462 indeque

276 1507 370 1570 esse,
381 1482 485 1580 quod
505 1483 741 1556 rhenmaticr's
756 1507 803 1554 ac
815 1483 1017 1554 arthriticus
1031 1485 1273 1571 cruciatibus,

267 1607 478 1700 proesertim
492 1601 657 1697 gallicis,
672 1601 845 1689 obnoxii,
859 1600 1014 1674 obnoxii
1026 1625 1183 1699 quoque
1203 1601 1274 1672 siut
1339 1588 1340 1676 3

273 1719 413 1792 ossium
431 1718 664 1792 emollitioni.
685 1724 729 1790 Et
746 1720 798 1791 sic
816 1715 971 1816 quidem
988 1718 1132 1816 praeivit
1149 1720 1196 1790 iis
1209 1719 1273 1816 qni

270 1851 419 1935 postea,
440 1852 483 1908 ut
502 1836 616 1934 paulo
637 1851 723 1908 ante
742 1833 978 1922 dicebamus,
998 1859 1068 1934 per
1086 1835 1216 1908 acidos
1230 1835 1271 1906 li·

269 1978 409 2051 quores
425 1953 589 2024 emolliri
615 1977 699 2026 ossa
721 1949 1004 2025 confirmarunt.
1032 1957 1078 2024 Et
1094 1952 1270 2028 rheuma·

268 2071 352 2143 ticis
366 2071 540 2169 quidem,
560 2085 671 2168 atque
688 2069 891 2143 arthriticis
915 2094 994 2142 non
1008 2071 1123 2144 semel
1149 2072 1269 2144 conti-

268 2189 364 2284 gisse
383 2202 427 2258 ut
445 2186 581 2258 flexilia
604 2211 687 2260 ossa
707 2185 862 2275 fierent,
881 2185 1021 2261 docent
1039 2187 1269 2260 observatio·

266 2327 356 2394 nes,
384 2303 524 2401 quibus
549 2320 585 2376 et
602 2297 705 2374 iilam
728 2301 843 2376 addes
863 2304 907 2376 cl.
935 2305 1123 2402 Targionii
1143 2305 1201 2402 (1)
1231 2308 1268 2376 in
1341 2337 1342 2406 j

265 2420 442 2508 muliere,
459 2423 521 2492 cui
543 2421 801 2493 articularium
828 2421 1005 2494 dolorum
1029 2421 1268 2496 vehementia

265 2535 466 2625 humeros,
485 2539 613 2626 ulnas,
632 2553 668 2610 et
685 2537 810 2612 radios
827 2539 867 2609 in
885 2563 992 2612 arcus
1009 2539 1166 2612 modum
1182 2565 1269 2613 con·

264 2667 434 2734 torserat.
466 2659 510 2728 In
529 2656 573 2728 iis
590 2670 715 2727 autem
734 2679 827 2753 quas
852 2655 1073 2754 Gagiiardus
1099 2661 1269 2730 nomina·

264 2771 341 2860 vit,
361 2768 624 2848 affectionibus
651 2795 730 2844 esse
749 2771 930 2843 humores
945 2771 1061 2844 acidis
1076 2775 1268 2876 particulis

266 2885 444 2978 infectos3
470 2887 510 2959 id
527 2913 618 2960 vero
640 2913 730 2960 cum
749 2889 796 2960 ab
814 2887 992 2961 omnibus
1010 2889 1164 2989 probari
1190 2918 1267 2964 non

267 3006 386 3102 possit
393 3032 407 3092 ,·
433 3020 476 3075 tu
495 3031 539 3076 ex
555 3005 619 3076 illo
640 3019 785 3078 tantum
803 3007 963 3104 accipies
984 3023 1169 3106 quantum
1188 3012 1267 3110 pla·

205 3189 207 3196 ,
268 3122 408 3210 cuerit,
424 3135 553 3194 caetera
570 3123 610 3192 in
619 3122 744 3195 medio
754 3125 961 3221 relinques.
973 3129 1091 3199 Porro
1104 3128 1210 3225 qnod
1222 3129 1269 3200 ad

267 3235 408 3304 ossium
421 3231 654 3332 fragilitatem
676 3250 834 3334 spectat,
857 3237 956 3308 hauc
978 3263 1055 3308 nou
1079 3264 1267 3340 sempera

247 3351 365 3424 'carie
377 3351 525 3440 induci,
543 3352 588 3422 cl.
609 3355 781 3425 Louisius
797 3353 851 3451 (α)
864 3355 1038 3427 ostendit.
1054 3362 1147 3428 Cum
1167 3363 1267 3432 enim

259 3529 1268 3558 m*

305 3647 348 3730 (1)
368 3649 467 3706 Prima
477 3651 607 3710 raccolta
618 3650 793 3708 d’osservaz.
807 3652 886 3708 med.
903 3655 981 3711 nelle
993 3655 1112 3714 descriz.
1131 3657 1203 3716 d'un
1219 3670 1266 3716 tu-

264 3749 484 3809 morefollicul.
971 3823 974 3828 Ι

306 3849 350 3930 (o)
369 3850 438 3909 vid.
452 3853 519 3908 Act.
534 3851 627 3912 Erue.
645 3869 682 3908 tur
697 3849 793 3926 1751,
813 3870 855 3910 m.
875 3851 1001 3930 inn.,'p.
1021 3874 1047 3930 r,
1072 3857 1125 3914 ubi
1146 3858 1184 3916 de
1205 3859 1266 3937 ejus

266 3949 502 4012 observationib.
