<?xml version="1.0" encoding="UTF-8"?>
<!DOCTYPE html PUBLIC "-//W3C//DTD XHTML 1.0 Transitional//EN"
    "http://www.w3.org/TR/xhtml1/DTD/xhtml1-transitional.dtd">
<html xmlns="http://www.w3.org/1999/xhtml" xml:lang="en" lang="en">
 <head>
  <title>
</title>
<meta http-equiv="Content-Type" content="text/html;charset=utf-8" />
  <meta name='ocr-system' content='tesseract 3.04.00' />
  <meta name='ocr-capabilities' content='ocr_page ocr_carea ocr_par ocr_line ocrx_word'/>
</head>
<body>
  <div class='ocr_page' id='page_1' title='image "./desedibusetcaus02adelgoog_0269.png"; bbox 0 0 2700 4660; ppageno 0'>
   <div class='ocr_carea' id='block_1_1' title="bbox 176 373 1341 3160">
    <p class='ocr_par' dir='ltr' id='par_1_1' title="bbox 176 373 1341 3160">
     <span class='ocr_line' id='line_1_1' title="bbox 238 373 1120 467; baseline 0.006 -25"><span class='ocrx_word' id='word_1_1' title='bbox 238 377 244 387; x_wconf 91' lang='lat'>&#39;</span> <span class='ocrx_word' id='word_1_2' title='bbox 280 395 350 467; x_wconf 67' lang='lat'>²72</span> <span class='ocrx_word' id='word_1_3' title='bbox 451 393 497 442; x_wconf 78' lang='lat' dir='ltr'>nn</span> <span class='ocrx_word' id='word_1_4' title='bbox 523 373 669 442; x_wconf 76' lang='lat' dir='ltr'>s&#39;nnmos</span> <span class='ocrx_word' id='word_1_5' title='bbox 693 391 737 438; x_wconf 72' lang='lat' dir='ltr'>nc</span> <span class='ocrx_word' id='word_1_6' title='bbox 761 389 885 442; x_wconf 77' lang='lat' dir='ltr'>cnosts</span> <span class='ocrx_word' id='word_1_7' title='bbox 909 388 1120 446; x_wconf 68' lang='lat' dir='ltr'>nonnosum</span> 
     </span>
     <span class='ocr_line' id='line_1_2' title="bbox 282 487 1279 594; baseline -0.009 -34"><span class='ocrx_word' id='word_1_8' title='bbox 282 487 611 584; x_wconf 70' lang='lat' dir='ltr'>cius(1).scribit5</span> <span class='ocrx_word' id='word_1_9' title='bbox 640 501 732 556; x_wconf 89' lang='lat' dir='ltr'>tunc</span> <span class='ocrx_word' id='word_1_10' title='bbox 766 487 858 558; x_wconf 79' lang='lat' dir='ltr'>alios</span> <span class='ocrx_word' id='word_1_11' title='bbox 891 490 1101 584; x_wconf 88' lang='lat' dir='ltr'>quosdam,</span> <span class='ocrx_word' id='word_1_12' title='bbox 1130 509 1174 566; x_wconf 92' lang='lat' dir='ltr'>ut</span> <span class='ocrx_word' id='word_1_13' title='bbox 1205 492 1279 594; x_wconf 74' lang='lat' dir='ltr'>opi.</span> 
     </span>
     <span class='ocr_line' id='line_1_3' title="bbox 281 603 1281 708; baseline 0.008 -32"><span class='ocrx_word' id='word_1_14' title='bbox 281 605 437 707; x_wconf 75' lang='lat' dir='ltr'>nor(a)‚</span> <span class='ocrx_word' id='word_1_15' title='bbox 461 609 499 676; x_wconf 93' lang='lat' dir='ltr'>in</span> <span class='ocrx_word' id='word_1_16' title='bbox 514 620 637 676; x_wconf 87' lang='lat' dir='ltr'>mente</span> <span class='ocrx_word' id='word_1_17' title='bbox 652 603 819 701; x_wconf 77' lang='lat' dir='ltr'>habens)</span> <span class='ocrx_word' id='word_1_18' title='bbox 837 606 901 678; x_wconf 88' lang='lat' dir='ltr'>sed</span> <span class='ocrx_word' id='word_1_19' title='bbox 920 607 1188 708; x_wconf 80' lang='lat' dir='ltr'>depromptum</span> <span class='ocrx_word' id='word_1_20' title='bbox 1206 621 1281 684; x_wconf 81' lang='lat' dir='ltr'>sino</span> 
     </span>
     <span class='ocr_line' id='line_1_4' title="bbox 281 722 1282 821; baseline 0.001 -23"><span class='ocrx_word' id='word_1_21' title='bbox 281 749 466 804; x_wconf 79' lang='lat' dir='ltr'>venenum</span> <span class='ocrx_word' id='word_1_22' title='bbox 493 723 633 813; x_wconf 81' lang='lat' dir='ltr'>hausit,</span> <span class='ocrx_word' id='word_1_23' title='bbox 645 722 928 821; x_wconf 77' lang='lat' dir='ltr'><em>prolapsusque</em></span> <span class='ocrx_word' id='word_1_24' title='bbox 954 747 1000 796; x_wconf 87' lang='lat' dir='ltr'>ac</span> <span class='ocrx_word' id='word_1_25' title='bbox 1024 730 1282 816; x_wconf 81' lang='lat' dir='ltr'>moribundus,</span> 
     </span>
     <span class='ocr_line' id='line_1_5' title="bbox 281 837 1280 944; baseline 0.004 -32"><span class='ocrx_word' id='word_1_26' title='bbox 281 845 531 934; x_wconf 81' lang='lat' dir='ltr'>nesestinotis</span> <span class='ocrx_word' id='word_1_27' title='bbox 549 837 700 936; x_wconf 81' lang='lat' dir='ltr'>quidem</span> <span class='ocrx_word' id='word_1_28' title='bbox 721 837 893 912; x_wconf 81' lang='lat' dir='ltr'>lictorum</span> <span class='ocrx_word' id='word_1_29' title='bbox 910 845 1083 914; x_wconf 75' lang='lat' dir='ltr'>manibus</span> <span class='ocrx_word' id='word_1_30' title='bbox 1113 847 1225 944; x_wconf 82' lang='lat' dir='ltr'>prius</span> <span class='ocrx_word' id='word_1_31' title='bbox 1248 853 1280 916; x_wconf 78' lang='lat' dir='ltr'>in</span> 
     </span>
     <span class='ocr_line' id='line_1_6' title="bbox 282 946 1340 1055; baseline 0.004 -27"><span class='ocrx_word' id='word_1_32' title='bbox 282 982 464 1050; x_wconf 83' lang='lat' dir='ltr'>carcerem</span> <span class='ocrx_word' id='word_1_33' title='bbox 480 962 567 1054; x_wconf 82' lang='lat' dir='ltr'>rapi</span> <span class='ocrx_word' id='word_1_34' title='bbox 578 957 722 1053; x_wconf 87' lang='lat' dir='ltr'>potuit,</span> <span class='ocrx_word' id='word_1_35' title='bbox 740 981 856 1052; x_wconf 88' lang='lat' dir='ltr'>quam</span> <span class='ocrx_word' id='word_1_36' title='bbox 860 959 1000 1047; x_wconf 84' lang='lat' dir='ltr'>fauces</span> <span class='ocrx_word' id='word_1_37' title='bbox 999 962 1087 1055; x_wconf 87' lang='lat' dir='ltr'>jam</span> <span class='ocrx_word' id='word_1_38' title='bbox 1100 969 1281 1033; x_wconf 79' lang='lat' dir='ltr'>exanimis</span> <span class='ocrx_word' id='word_1_39' title='bbox 1337 946 1340 955; x_wconf 43' lang='lat'><strong>¹</strong></span> 
     </span>
     <span class='ocr_line' id='line_1_7' title="bbox 283 1059 1280 1174; baseline 0.007 -28"><span class='ocrx_word' id='word_1_40' title='bbox 283 1063 419 1172; x_wconf 79' lang='lat' dir='ltr'>laqueo</span> <span class='ocrx_word' id='word_1_41' title='bbox 434 1091 683 1160; x_wconf 82' lang='lat' dir='ltr'><em>vexarentur,</em></span> <span class='ocrx_word' id='word_1_42' title='bbox 703 1089 767 1144; x_wconf 88' lang='lat' dir='ltr'>aut</span> <span class='ocrx_word' id='word_1_43' title='bbox 787 1075 899 1170; x_wconf 87' lang='lat' dir='ltr'>quale</span> <span class='ocrx_word' id='word_1_44' title='bbox 914 1059 1083 1148; x_wconf 81' lang='lat' dir='ltr'>¹Neronis</span> <span class='ocrx_word' id='word_1_45' title='bbox 1095 1079 1208 1174; x_wconf 84' lang='lat' dir='ltr'>jussu</span> <span class='ocrx_word' id='word_1_46' title='bbox 1226 1106 1280 1152; x_wconf 80' lang='lat' dir='ltr'>ne·</span> 
     </span>
     <span class='ocr_line' id='line_1_8' title="bbox 272 1183 1280 1296; baseline 0.006 -32"><span class='ocrx_word' id='word_1_47' title='bbox 272 1191 502 1284; x_wconf 71' lang='lat' dir='ltr'>&#39;locissi&#39;mnm</span> <span class='ocrx_word' id='word_1_48' title='bbox 519 1215 565 1262; x_wconf 85' lang='lat' dir='ltr'>oc</span> <span class='ocrx_word' id='word_1_49' title='bbox 576 1183 880 1290; x_wconf 65' lang='lat' dir='ltr'>praesentaneum</span> <span class='ocrx_word' id='word_1_50' title='bbox 896 1195 1037 1290; x_wconf 84' lang='lat' dir='ltr'>paravit</span> <span class='ocrx_word' id='word_1_51' title='bbox 1054 1199 1219 1272; x_wconf 82' lang='lat' dir='ltr'><strong>Locusta</strong></span> <span class='ocrx_word' id='word_1_52' title='bbox 1236 1200 1280 1296; x_wconf 84' lang='lat'>(3)</span> 
     </span>
     <span class='ocr_line' id='line_1_9' title="bbox 270 1301 1281 1408; baseline 0.005 -28"><span class='ocrx_word' id='word_1_53' title='bbox 270 1301 360 1408; x_wconf 65' lang='lat' dir='ltr'>&#39;quo</span> <span class='ocrx_word' id='word_1_54' title='bbox 380 1307 417 1380; x_wconf 89' lang='lat' dir='ltr'>et&#39;</span> <span class='ocrx_word' id='word_1_55' title='bbox 433 1309 622 1407; x_wconf 85' lang='lat' dir='ltr'>porcellus</span> <span class='ocrx_word' id='word_1_56' title='bbox 639 1315 764 1380; x_wconf 79' lang='lat' dir='ltr'>statim</span> <span class='ocrx_word' id='word_1_57' title='bbox 785 1311 1025 1400; x_wconf 67' lang='lat' dir='ltr'>examinatos</span> <span class='ocrx_word' id='word_1_58' title='bbox 1050 1329 1127 1402; x_wconf 88' lang='lat' dir='ltr'>est,</span> <span class='ocrx_word' id='word_1_59' title='bbox 1155 1332 1196 1388; x_wconf 85' lang='lat' dir='ltr'>et</span> <span class='ocrx_word' id='word_1_60' title='bbox 1211 1318 1281 1388; x_wconf 78' lang='lat' dir='ltr'>Bri-</span> 
     </span>
     <span class='ocr_line' id='line_1_10' title="bbox 281 1426 1282 1524; baseline 0.004 -24"><span class='ocrx_word' id='word_1_61' title='bbox 281 1427 454 1500; x_wconf 86' lang='lat' dir='ltr'>tannicus</span> <span class='ocrx_word' id='word_1_62' title='bbox 499 1426 553 1496; x_wconf 84' lang='lat' dir='ltr'>ad</span> <span class='ocrx_word' id='word_1_63' title='bbox 577 1426 747 1524; x_wconf 76' lang='lat' dir='ltr'>primuni</span> <span class='ocrx_word' id='word_1_64' title='bbox 786 1442 934 1524; x_wconf 79' lang='lat' dir='ltr'>gustam</span> <span class='ocrx_word' id='word_1_65' title='bbox 967 1431 1155 1518; x_wconf 78' lang='lat' dir='ltr'>concidt‘t3</span> <span class='ocrx_word' id='word_1_66' title='bbox 1190 1435 1282 1504; x_wconf 76' lang='lat' dir='ltr'>vinus</span> 
     </span>
     <span class='ocr_line' id='line_1_11' title="bbox 270 1543 1281 1643; baseline 0.006 -28"><span class='ocrx_word' id='word_1_67' title='bbox 270 1543 382 1618; x_wconf 86' lang='lat' dir='ltr'>¹enim</span> <span class='ocrx_word' id='word_1_68' title='bbox 402 1544 455 1640; x_wconf 72' lang='grc' dir='ltr'>(Δ)</span> <span class='ocrx_word' id='word_1_69' title='bbox 474 1547 528 1613; x_wconf 87' lang='lat' dir='ltr'>ita</span> <span class='ocrx_word' id='word_1_70' title='bbox 546 1561 697 1640; x_wconf 60' lang='lat' dir='ltr'>cneactos</span> <span class='ocrx_word' id='word_1_71' title='bbox 713 1545 791 1639; x_wconf 85' lang='lat' dir='ltr'>ejus</span> <span class='ocrx_word' id='word_1_72' title='bbox 806 1557 911 1616; x_wconf 82' lang='lat' dir='ltr'>artus</span> <span class='ocrx_word' id='word_1_73' title='bbox 925 1553 1114 1643; x_wconf 80' lang='lat' dir='ltr'>pervasit,</span> <span class='ocrx_word' id='word_1_74' title='bbox 1139 1569 1183 1622; x_wconf 82' lang='lat' dir='ltr'>ut</span> <span class='ocrx_word' id='word_1_75' title='bbox 1208 1575 1281 1623; x_wconf 77' lang='lat' dir='ltr'>vox</span> 
     </span>
     <span class='ocr_line' id='line_1_12' title="bbox 179 1659 1279 1762; baseline 0.006 -31"><span class='ocrx_word' id='word_1_76' title='bbox 179 1678 185 1692; x_wconf 90' lang='lat'><strong><em>‘</em></strong></span> <span class='ocrx_word' id='word_1_77' title='bbox 267 1659 270 1664; x_wconf 72' lang='grc'>’</span> <span class='ocrx_word' id='word_1_78' title='bbox 277 1667 426 1762; x_wconf 84' lang='lat' dir='ltr'>pariter</span> <span class='ocrx_word' id='word_1_79' title='bbox 456 1677 494 1732; x_wconf 88' lang='lat' dir='ltr'>et</span> <span class='ocrx_word' id='word_1_80' title='bbox 511 1666 664 1759; x_wconf 73' lang='lat' dir='ltr'>spiritus</span> <span class='ocrx_word' id='word_1_81' title='bbox 693 1677 923 1760; x_wconf 77' lang='lat' dir='ltr'>raperentur.</span> <span class='ocrx_word' id='word_1_82' title='bbox 942 1664 1017 1761; x_wconf 88' lang='lat' dir='ltr'>Ipsi</span> <span class='ocrx_word' id='word_1_83' title='bbox 1035 1681 1161 1738; x_wconf 87' lang='lat' dir='ltr'>autem</span> <span class='ocrx_word' id='word_1_84' title='bbox 1188 1673 1279 1741; x_wconf 86' lang='lat' dir='ltr'>Mea·</span> 
     </span>
     <span class='ocr_line' id='line_1_13' title="bbox 282 1778 1279 1878; baseline 0.004 -26"><span class='ocrx_word' id='word_1_85' title='bbox 282 1780 346 1852; x_wconf 92' lang='lat' dir='ltr'>dio</span> <span class='ocrx_word' id='word_1_86' title='bbox 366 1779 420 1878; x_wconf 84' lang='grc'>(5)</span> <span class='ocrx_word' id='word_1_87' title='bbox 441 1780 586 1850; x_wconf 87' lang='lat' dir='ltr'>nullum</span> <span class='ocrx_word' id='word_1_88' title='bbox 612 1778 658 1848; x_wconf 89' lang='lat' dir='ltr'>ad</span> <span class='ocrx_word' id='word_1_89' title='bbox 679 1803 784 1850; x_wconf 88' lang='lat' dir='ltr'>suam</span> <span class='ocrx_word' id='word_1_90' title='bbox 812 1782 1033 1852; x_wconf 87' lang='lat' dir='ltr'>sententiam</span> <span class='ocrx_word' id='word_1_91' title='bbox 1058 1783 1279 1856; x_wconf 79' lang='lat' dir='ltr'>confirman-</span> 
     </span>
     <span class='ocr_line' id='line_1_14' title="bbox 281 1897 1283 1999; baseline 0.004 -29"><span class='ocrx_word' id='word_1_92' title='bbox 281 1897 495 1995; x_wconf 81' lang='lat' dir='ltr'>damaptius</span> <span class='ocrx_word' id='word_1_93' title='bbox 508 1897 628 1994; x_wconf 34' lang='lat' dir='ltr'>visulm</span> <span class='ocrx_word' id='word_1_94' title='bbox 640 1911 716 1984; x_wconf 86' lang='lat' dir='ltr'>est,</span> <span class='ocrx_word' id='word_1_95' title='bbox 730 1921 842 1993; x_wconf 87' lang='lat' dir='ltr'>quam</span> <span class='ocrx_word' id='word_1_96' title='bbox 854 1922 1043 1970; x_wconf 89' lang='lat' dir='ltr'>venenum</span> <span class='ocrx_word' id='word_1_97' title='bbox 1058 1899 1154 1972; x_wconf 85' lang='lat' dir='ltr'>illud</span> <span class='ocrx_word' id='word_1_98' title='bbox 1164 1903 1283 1999; x_wconf 58' lang='lat' dir='ltr'>quod.</span> 
     </span>
     <span class='ocr_line' id='line_1_15' title="bbox 282 2013 1277 2111; baseline 0.001 -23"><span class='ocrx_word' id='word_1_99' title='bbox 282 2043 326 2088; x_wconf 88' lang='lat' dir='ltr'>ex</span> <span class='ocrx_word' id='word_1_100' title='bbox 354 2013 535 2096; x_wconf 88' lang='lat' dir='ltr'>Nicholsii</span> <span class='ocrx_word' id='word_1_101' title='bbox 558 2013 842 2111; x_wconf 86' lang='lat' dir='ltr'>experimentis,</span> <span class='ocrx_word' id='word_1_102' title='bbox 875 2031 1059 2089; x_wconf 87' lang='lat' dir='ltr'>memorat</span> <span class='ocrx_word' id='word_1_103' title='bbox 1086 2033 1221 2092; x_wconf 87' lang='lat' dir='ltr'>&#39;canem</span> <span class='ocrx_word' id='word_1_104' title='bbox 1245 2021 1277 2090; x_wconf 88' lang='lat' dir='ltr'>in</span> 
     </span>
     <span class='ocr_line' id='line_1_16' title="bbox 281 2124 1341 2236; baseline 0.002 -32"><span class='ocrx_word' id='word_1_105' title='bbox 281 2135 366 2231; x_wconf 88' lang='lat' dir='ltr'>ipso</span> <span class='ocrx_word' id='word_1_106' title='bbox 386 2157 453 2230; x_wconf 86' lang='lat' dir='ltr'>per</span> <span class='ocrx_word' id='word_1_107' title='bbox 470 2124 592 2228; x_wconf 75' lang='lat' dir='ltr'>gular&#39;n</span> <span class='ocrx_word' id='word_1_108' title='bbox 604 2131 764 2202; x_wconf 88' lang='lat' dir='ltr'>transitu</span> <span class='ocrx_word' id='word_1_109' title='bbox 780 2152 855 2202; x_wconf 81' lang='lat' dir='ltr'>non</span> <span class='ocrx_word' id='word_1_110' title='bbox 871 2137 1012 2236; x_wconf 80' lang='lat' dir='ltr'>integro</span> <span class='ocrx_word' id='word_1_111' title='bbox 1028 2133 1187 2208; x_wconf 79' lang='lat' dir='ltr'>dimidio</span> <span class='ocrx_word' id='word_1_112' title='bbox 1207 2153 1278 2208; x_wconf 87' lang='lat' dir='ltr'>tem·</span> <span class='ocrx_word' id='word_1_113' title='bbox 1340 2133 1341 2222; x_wconf 58' lang='grc' dir='ltr'>ζ</span> 
     </span>
     <span class='ocr_line' id='line_1_17' title="bbox 279 2249 1277 2349; baseline 0.003 -29"><span class='ocrx_word' id='word_1_114' title='bbox 279 2255 385 2349; x_wconf 82' lang='lat' dir='ltr'>poris</span> <span class='ocrx_word' id='word_1_115' title='bbox 400 2254 543 2320; x_wconf 81' lang='lat' dir='ltr'>minuto</span> <span class='ocrx_word' id='word_1_116' title='bbox 559 2272 712 2336; x_wconf 87' lang='lat' dir='ltr'>necare,</span> <span class='ocrx_word' id='word_1_117' title='bbox 729 2249 806 2318; x_wconf 88' lang='lat' dir='ltr'>imo</span> <span class='ocrx_word' id='word_1_118' title='bbox 816 2251 995 2345; x_wconf 86' lang='lat' dir='ltr'>injectum</span> <span class='ocrx_word' id='word_1_119' title='bbox 1016 2252 1056 2322; x_wconf 90' lang='lat' dir='ltr'>in</span> <span class='ocrx_word' id='word_1_120' title='bbox 1076 2269 1277 2326; x_wconf 84' lang='lat' dir='ltr'>extremum</span> 
     </span>
     <span class='ocr_line' id='line_1_18' title="bbox 245 2363 1279 2462; baseline 0.006 -26"><span class='ocrx_word' id='word_1_121' title='bbox 245 2384 247 2388; x_wconf 86' lang='grc'><strong><em>·</em></strong></span> <span class='ocrx_word' id='word_1_122' title='bbox 283 2368 502 2438; x_wconf 89' lang='lat' dir='ltr'>intestinum</span> <span class='ocrx_word' id='word_1_123' title='bbox 513 2380 704 2462; x_wconf 12' lang='lat' dir='ltr'>*momento</span> <span class='ocrx_word' id='word_1_124' title='bbox 723 2365 823 2436; x_wconf 91' lang='lat' dir='ltr'>idem</span> <span class='ocrx_word' id='word_1_125' title='bbox 843 2363 987 2458; x_wconf 84' lang='lat' dir='ltr'>facere,</span> <span class='ocrx_word' id='word_1_126' title='bbox 1014 2371 1129 2444; x_wconf 87' lang='lat' dir='ltr'>nullis</span> <span class='ocrx_word' id='word_1_127' title='bbox 1146 2373 1279 2444; x_wconf 86' lang='lat' dir='ltr'>inflam-</span> 
     </span>
     <span class='ocr_line' id='line_1_19' title="bbox 284 2475 1340 2584; baseline 0.005 -29"><span class='ocrx_word' id='word_1_128' title='bbox 284 2485 477 2570; x_wconf 87' lang='lat' dir='ltr'>mationis,</span> <span class='ocrx_word' id='word_1_129' title='bbox 499 2475 556 2554; x_wconf 82' lang='lat' dir='ltr'>vel</span> <span class='ocrx_word' id='word_1_130' title='bbox 578 2483 807 2556; x_wconf 82' lang='lat' dir='ltr'>corrosionis</span> <span class='ocrx_word' id='word_1_131' title='bbox 832 2487 947 2584; x_wconf 88' lang='lat' dir='ltr'>signis</span> <span class='ocrx_word' id='word_1_132' title='bbox 972 2489 1228 2584; x_wconf 79' lang='lat' dir='ltr'>exstantibus,</span> <span class='ocrx_word' id='word_1_133' title='bbox 1245 2504 1278 2561; x_wconf 87' lang='lat' dir='ltr'>ut</span> <span class='ocrx_word' id='word_1_134' title='bbox 1339 2533 1340 2540; x_wconf 24' lang='grc' dir='ltr'><strong>κ</strong></span> 
     </span>
     <span class='ocr_line' id='line_1_20' title="bbox 283 2603 1280 2700; baseline 0.002 -24"><span class='ocrx_word' id='word_1_135' title='bbox 283 2605 409 2676; x_wconf 85' lang='lat' dir='ltr'>minus</span> <span class='ocrx_word' id='word_1_136' title='bbox 444 2603 572 2670; x_wconf 87' lang='lat' dir='ltr'>mirari</span> <span class='ocrx_word' id='word_1_137' title='bbox 612 2615 786 2699; x_wconf 83' lang='lat' dir='ltr'>oporteat</span> <span class='ocrx_word' id='word_1_138' title='bbox 827 2627 909 2700; x_wconf 76' lang='lat' dir='ltr'>qute</span> <span class='ocrx_word' id='word_1_139' title='bbox 944 2603 991 2676; x_wconf 91' lang='lat' dir='ltr'>de</span> <span class='ocrx_word' id='word_1_140' title='bbox 1021 2610 1210 2680; x_wconf 80' lang='lat' dir='ltr'>,cuniculo</span> <span class='ocrx_word' id='word_1_141' title='bbox 1241 2632 1280 2680; x_wconf 79' lang='lat' dir='ltr'>ex</span> 
     </span>
     <span class='ocr_line' id='line_1_21' title="bbox 283 2697 1277 2819; baseline 0.003 -29"><span class='ocrx_word' id='word_1_142' title='bbox 283 2697 517 2819; x_wconf 78' lang='lat' dir='ltr'>Sproegeiio,</span> <span class='ocrx_word' id='word_1_143' title='bbox 549 2733 613 2788; x_wconf 85' lang='lat' dir='ltr'>aut</span> <span class='ocrx_word' id='word_1_144' title='bbox 648 2717 695 2789; x_wconf 88' lang='lat' dir='ltr'>de</span> <span class='ocrx_word' id='word_1_145' title='bbox 729 2719 855 2816; x_wconf 85' lang='lat' dir='ltr'>puella</span> <span class='ocrx_word' id='word_1_146' title='bbox 886 2745 932 2792; x_wconf 86' lang='lat' dir='ltr'>ex</span> <span class='ocrx_word' id='word_1_147' title='bbox 963 2722 1175 2795; x_wconf 79' lang='lat' dir='ltr'>Ettmulleri</span> <span class='ocrx_word' id='word_1_148' title='bbox 1209 2723 1277 2794; x_wconf 88' lang='lat' dir='ltr'>filio</span> 
     </span>
     <span class='ocr_line' id='line_1_22' title="bbox 284 2835 1276 2938; baseline 0.002 -28"><span class='ocrx_word' id='word_1_149' title='bbox 284 2861 397 2936; x_wconf 83' lang='lat' dir='ltr'>supra</span> <span class='ocrx_word' id='word_1_150' title='bbox 421 2835 479 2933; x_wconf 81' lang='grc'>(6)</span> <span class='ocrx_word' id='word_1_151' title='bbox 499 2835 783 2922; x_wconf 87' lang='lat' dir='ltr'>adnotavimus,</span> <span class='ocrx_word' id='word_1_152' title='bbox 808 2851 971 2935; x_wconf 76' lang='lat' dir='ltr'>utroque</span> <span class='ocrx_word' id='word_1_153' title='bbox 1006 2856 1208 2938; x_wconf 86' lang='lat' dir='ltr'>propterea</span> <span class='ocrx_word' id='word_1_154' title='bbox 1237 2840 1276 2912; x_wconf 87' lang='lat' dir='ltr'>ad</span> 
     </span>
     <span class='ocr_line' id='line_1_23' title="bbox 283 2947 1277 3050; baseline 0 -20"><span class='ocrx_word' id='word_1_155' title='bbox 283 2956 458 3030; x_wconf 78' lang='lat' dir='ltr'>eumdem</span> <span class='ocrx_word' id='word_1_156' title='bbox 488 2953 642 3024; x_wconf 88' lang='lat' dir='ltr'>modum</span> <span class='ocrx_word' id='word_1_157' title='bbox 667 2977 747 3026; x_wconf 89' lang='lat' dir='ltr'>rem</span> <span class='ocrx_word' id='word_1_158' title='bbox 771 2954 990 3050; x_wconf 81' lang='lat' dir='ltr'>explicante.</span> <span class='ocrx_word' id='word_1_159' title='bbox 1017 2947 1206 3048; x_wconf 79' lang='lat' dir='ltr'>Quoniam</span> <span class='ocrx_word' id='word_1_160' title='bbox 1230 2976 1277 3030; x_wconf 69' lang='lat' dir='ltr'>ta·&#39;</span> 
     </span>
     <span class='ocr_line' id='line_1_24' title="bbox 176 3067 1274 3160; baseline 0.002 -18"><span class='ocrx_word' id='word_1_161' title='bbox 176 3076 186 3098; x_wconf 72' lang='lat'><strong><em>¹</em></strong></span> <span class='ocrx_word' id='word_1_162' title='bbox 281 3097 370 3144; x_wconf 89' lang='lat' dir='ltr'>men</span> <span class='ocrx_word' id='word_1_163' title='bbox 396 3072 487 3144; x_wconf 90' lang='lat' dir='ltr'>dum</span> <span class='ocrx_word' id='word_1_164' title='bbox 513 3093 656 3160; x_wconf 85' lang='lat' dir='ltr'>venena</span> <span class='ocrx_word' id='word_1_165' title='bbox 676 3067 844 3143; x_wconf 82' lang='lat' dir='ltr'>afficiunt</span> <span class='ocrx_word' id='word_1_166' title='bbox 863 3097 1015 3160; x_wconf 86' lang='lat' dir='ltr'>nervos,</span> <span class='ocrx_word' id='word_1_167' title='bbox 1036 3090 1182 3146; x_wconf 89' lang='lat' dir='ltr'>motum</span> <span class='ocrx_word' id='word_1_168' title='bbox 1203 3101 1274 3149; x_wconf 88' lang='lat' dir='ltr'>san·</span> 
     </span>
    </p>
   </div>
   <div class='ocr_carea' id='block_1_2' title="bbox 284 3267 1272 3298">
    <p class='ocr_par' dir='ltr' id='par_1_2' title="bbox 284 3267 1272 3298">
     <span class='ocr_line' id='line_1_25' title="bbox 284 3267 1272 3298; baseline -0.007 -4"><span class='ocrx_word' id='word_1_169' title='bbox 284 3267 1272 3298; x_wconf 43' lang='grc' dir='ltr'>ΝΜ</span> 
     </span>
    </p>
   </div>
   <div class='ocr_carea' id='block_1_3' title="bbox 306 3391 1233 3980">
    <p class='ocr_par' dir='ltr' id='par_1_3' title="bbox 306 3391 1118 3476">
     <span class='ocr_line' id='line_1_26' title="bbox 306 3391 1118 3476; baseline -0.002 -21"><span class='ocrx_word' id='word_1_170' title='bbox 306 3397 364 3476; x_wconf 87' lang='lat'>(1)</span> <span class='ocrx_word' id='word_1_171' title='bbox 384 3399 430 3453; x_wconf 89' lang='lat' dir='ltr'>De</span> <span class='ocrx_word' id='word_1_172' title='bbox 440 3392 562 3450; x_wconf 80' lang='lat' dir='ltr'>venenis</span> <span class='ocrx_word' id='word_1_173' title='bbox 573 3391 626 3447; x_wconf 90' lang='lat' dir='ltr'>ubi</span> <span class='ocrx_word' id='word_1_174' title='bbox 636 3392 675 3448; x_wconf 84' lang='lat' dir='ltr'>de</span> <span class='ocrx_word' id='word_1_175' title='bbox 686 3411 828 3450; x_wconf 84' lang='lat' dir='ltr'>venenor.</span> <span class='ocrx_word' id='word_1_176' title='bbox 846 3393 949 3471; x_wconf 80' lang='lat' dir='ltr'>ingest.</span> <span class='ocrx_word' id='word_1_177' title='bbox 963 3394 1084 3454; x_wconf 78' lang='lat' dir='ltr'>saevitia.</span> <span class='ocrx_word' id='word_1_178' title='bbox 1112 3429 1118 3434; x_wconf 94' lang='lat'>-</span> 
     </span>
    </p>

    <p class='ocr_par' dir='ltr' id='par_1_4' title="bbox 320 3492 1233 3680">
     <span class='ocr_line' id='line_1_27' title="bbox 320 3492 1233 3576; baseline -0.003 -22"><span class='ocrx_word' id='word_1_179' title='bbox 320 3499 365 3576; x_wconf 71' lang='grc' dir='ltr'>(α)</span> <span class='ocrx_word' id='word_1_180' title='bbox 385 3493 545 3553; x_wconf 76' lang='lat' dir='ltr'>vid.1&gt;1in.</span> <span class='ocrx_word' id='word_1_181' title='bbox 561 3505 622 3561; x_wconf 83' lang='lat' dir='ltr'>nat.</span> <span class='ocrx_word' id='word_1_182' title='bbox 639 3492 708 3549; x_wconf 85' lang='lat' dir='ltr'>hist.</span> <span class='ocrx_word' id='word_1_183' title='bbox 723 3495 743 3549; x_wconf 90' lang='grc' dir='ltr'>Ι.</span> <span class='ocrx_word' id='word_1_184' title='bbox 759 3494 811 3566; x_wconf 80' lang='lat'>33,</span> <span class='ocrx_word' id='word_1_185' title='bbox 827 3513 854 3551; x_wconf 91' lang='lat' dir='ltr'>c.</span> <span class='ocrx_word' id='word_1_186' title='bbox 873 3514 899 3568; x_wconf 87' lang='lat'>1,</span> <span class='ocrx_word' id='word_1_187' title='bbox 913 3505 942 3552; x_wconf 88' lang='lat' dir='ltr'>et</span> <span class='ocrx_word' id='word_1_188' title='bbox 951 3509 1053 3555; x_wconf 85' lang='lat' dir='ltr'>annot.</span> <span class='ocrx_word' id='word_1_189' title='bbox 1069 3499 1233 3574; x_wconf 77' lang='lat' dir='ltr'>Delecamp.</span> 
     </span>
     <span class='ocr_line' id='line_1_28' title="bbox 321 3593 974 3680; baseline -0.012 -24"><span class='ocrx_word' id='word_1_190' title='bbox 321 3598 364 3680; x_wconf 78' lang='lat'>(3)</span> <span class='ocrx_word' id='word_1_191' title='bbox 386 3599 509 3654; x_wconf 85' lang='lat' dir='ltr'>Sueton.</span> <span class='ocrx_word' id='word_1_192' title='bbox 523 3595 542 3648; x_wconf 84' lang='lat' dir='ltr'>l.</span> <span class='ocrx_word' id='word_1_193' title='bbox 558 3593 593 3664; x_wconf 82' lang='lat'>6,</span> <span class='ocrx_word' id='word_1_194' title='bbox 610 3608 636 3650; x_wconf 85' lang='lat' dir='ltr'>e.</span> <span class='ocrx_word' id='word_1_195' title='bbox 651 3593 698 3650; x_wconf 78' lang='lat'>33.</span> <span class='ocrx_word' id='word_1_196' title='bbox 971 3603 974 3608; x_wconf 82' lang='grc'>’</span> 
     </span>
    </p>

    <p class='ocr_par' dir='ltr' id='par_1_5' title="bbox 321 3685 740 3778">
     <span class='ocr_line' id='line_1_29' title="bbox 321 3685 740 3778; baseline -0.002 -27"><span class='ocrx_word' id='word_1_197' title='bbox 321 3694 363 3778; x_wconf 63' lang='grc' dir='ltr'>(ί.)</span> <span class='ocrx_word' id='word_1_198' title='bbox 384 3694 478 3754; x_wconf 84' lang='lat' dir='ltr'>Tacit.</span> <span class='ocrx_word' id='word_1_199' title='bbox 493 3685 601 3755; x_wconf 77' lang='lat' dir='ltr'>Annei.</span> <span class='ocrx_word' id='word_1_200' title='bbox 618 3695 638 3749; x_wconf 96' lang='lat' dir='ltr'>l.</span> <span class='ocrx_word' id='word_1_201' title='bbox 655 3693 701 3750; x_wconf 81' lang='lat'>13.</span> <span class='ocrx_word' id='word_1_202' title='bbox 738 3733 740 3760; x_wconf 84' lang='lat'>‚</span> 
     </span>
    </p>

    <p class='ocr_par' dir='ltr' id='par_1_6' title="bbox 321 3793 925 3877">
     <span class='ocr_line' id='line_1_30' title="bbox 321 3793 925 3877; baseline -0.007 -23"><span class='ocrx_word' id='word_1_203' title='bbox 321 3795 363 3877; x_wconf 86' lang='lat'>(5)</span> <span class='ocrx_word' id='word_1_204' title='bbox 386 3799 485 3852; x_wconf 87' lang='lat' dir='ltr'>Tract.</span> <span class='ocrx_word' id='word_1_205' title='bbox 501 3794 550 3851; x_wconf 88' lang='lat' dir='ltr'>cit.</span> <span class='ocrx_word' id='word_1_206' title='bbox 565 3793 597 3848; x_wconf 88' lang='lat' dir='ltr'>in</span> <span class='ocrx_word' id='word_1_207' title='bbox 615 3793 744 3870; x_wconf 86' lang='lat' dir='ltr'>append.</span> <span class='ocrx_word' id='word_1_208' title='bbox 761 3803 881 3853; x_wconf 84' lang='lat' dir='ltr'>tentam.</span> <span class='ocrx_word' id='word_1_209' title='bbox 898 3793 925 3852; x_wconf 80' lang='lat'>5.</span> 
     </span>
    </p>

    <p class='ocr_par' dir='ltr' id='par_1_7' title="bbox 319 3894 472 3980">
     <span class='ocr_line' id='line_1_31' title="bbox 319 3894 472 3980; baseline 0.039 -7"><span class='ocrx_word' id='word_1_210' title='bbox 319 3895 361 3974; x_wconf 68' lang='lat' dir='ltr'>it)</span> <span class='ocrx_word' id='word_1_211' title='bbox 383 3897 420 3980; x_wconf 78' lang='lat' dir='ltr'>,N-</span> <span class='ocrx_word' id='word_1_212' title='bbox 445 3894 472 3950; x_wconf 83' lang='lat'>⁵·</span> 
     </span>
    </p>
   </div>
   <div class='ocr_carea' id='block_1_4' title="bbox 0 0 1354 4660">
    <p class='ocr_par' dir='ltr' id='par_1_8' title="bbox 0 0 1354 4660">
     <span class='ocr_line' id='line_1_32' title="bbox 0 0 1354 4660; baseline 0 0"><span class='ocrx_word' id='word_1_213' title='bbox 0 0 1354 4660; x_wconf 95' lang='lat' dir='ltr'> </span> 
     </span>
    </p>
   </div>
  </div>
 </body>
</html>
