2782 4652
305 418 378 510 boo
446 441 492 488 or
518 437 664 490 sabinus
685 429 731 486 tr
756 437 880 488 causis
905 435 1115 490 nonnosum

304 555 416 654 paulo
434 553 696 652 antescriptis',
710 549 843 626 diebus
855 553 1143 652 insequentibus
1163 553 1294 653 petius

303 672 413 760 trevi,
433 695 500 742 cor
521 667 653 740 habuit
672 670 713 740 in
730 667 885 740 bomine
900 668 1104 769 subpingni
1125 695 1202 744 non
1217 675 1292 770 pin·

303 812 397 887 gue3
416 785 617 885 quodcum
634 785 814 884 sanguine
831 799 937 875 atro,
950 801 988 858 et
1003 804 1185 860 concreto
1199 787 1294 860 haud

302 904 444 993 multo,
473 900 690 974 continebat
714 924 873 1000 paucas,
899 917 937 975 et
963 903 1133 976 modicas
1153 929 1296 977 concie

301 1023 426 1094 tiones
447 1019 664 1118 polyposas,
692 1019 733 1090 in
757 1018 911 1092 dextero
940 1035 1065 1094 tamen
1089 1023 1294 1094 ventriculo

301 1137 417 1238 paulo
429 1137 607 1232 majores,
626 1150 668 1207 ut
680 1161 756 1207 una
771 1133 1032 1234 pulmonarem
1051 1137 1198 1213 subiret
1211 1155 1295 1212 arte·

300 1257 406 1329 riam
426 1251 558 1325 Cordis
572 1253 776 1325 substantia
800 1253 1003 1328 cantarida
1019 1253 1111 1326 laxa.
1135 1261 1295 1330 Corona·

300 1373 356 1447 ria
367 1395 483 1460 vena,
501 1393 576 1467 qua
588 1369 706 1441 basim
723 1369 848 1442 cordis
863 1395 884 1441 a
897 1384 1004 1470 tergo
1028 1373 1168 1471 cingit,
1193 1399 1293 1472 aequo

302 1489 434 1561 latior:
458 1486 692 1586 pulmonaris
710 1487 854 1558 arteria*
866 1513 946 1560 non
967 1489 1047 1586 ipsa
1073 1490 1231 1587 quidem
1250 1493 1296 1564 la·

302 1607 401 1692 tior-3
421 1603 690 1676 sed·tenui0res
709 1602 854 1676 habere
875 1605 1056 1703 parietes,
1075 1621 1118 1678 ut
1137 1608 1295 1680 valvulas

303 1745 475 1820 quoque,
494 1721 572 1792 visa
591 1735 670 1792 est:
693 1720 857 1818 amplior
877 1743 967 1794 vero
984 1724 1087 1796 sinus
1106 1723 1234 1798 cordis
1254 1727 1295 1798 si·

301 1839 420 1912 nister
431 1861 512 1936 qua·
520 1861 711 1911 venosose
729 1837 910 1935 pulmone
930 1839 1139 1939 excipiebat
1163 1863 1301 1916 remon

301 1955 465 2029 Vaivuiae
484 1953 635 2027 alterius
663 1953 819 2026 mitralis
844 1956 942 2028 imus
974 1954 1115 2030 limbus
1139 1963 1295 2033 crassior

301 2073 393 2148 fuit:
415 2071 700 2146 semilunarium
719 2071 916 2170 aggeribus
942 2097 1021 2146 oon
1041 2095 1206 2174 magnac,
1236 2077 1295 2151 sed

200 2249 207 2270 Ι
302 2189 574 2277 crassiusculae,
614 2189 850 2262 increverant
881 2185 994 2264 osseae
1027 2195 1293 2269 concretiones.

183 2367 184 2371 ,
231 2345 234 2350 -
300 2311 437 2406 Magna
452 2319 578 2378 tamen
592 2306 727 2378 arteria
741 2305 830 2379 illuc
845 2331 964 2406 usque
985 2308 1095 2385 unde
1109 2311 1295 2386 sinistram

301 2420 493 2498 emittebat
507 2420 753 2510 subciaviam‚
780 2447 879 2496 sana.
895 2423 990 2498 Inde
1001 2449 1094 2499 vero
1112 2427 1221 2503 albas
1240 2453 1296 2503 cs·

300 2539 456 2614 tendere
470 2539 510 2610 in
531 2535 623 2612 facie
640 2540 842 2630 interiore,
862 2555 900 2613 et
917 2543 1127 2641 posteriore
1143 2571 1295 2644 praeser·
1375 2633 1376 2640 ἵ

299 2659 388 2746 tim,
408 2656 573 2730 maculas
596 2680 675 2731 non
697 2662 792 2730 raris
811 2655 925 2746 locis,
952 2658 1185 2758 incipiebat:
1212 2687 1296 2762 qna·
1375 2699 1376 2734 ι

298 2800 384 2848 rurn
401 2773 616 2862 nonnullae,
635 2786 673 2844 et
684 2774 806 2871 prima
820 2775 1079 2872 potissimum,
1094 2777 1134 2848 in
1150 2803 1295 2854 osseam

301 2915 494 2991 squamam
517 2889 845 2988 degeneraverant.
862 2891 1128 2991 Respondebat
1144 2895 1206 2968 itta
1224 2898 1294 2996 pri·

300 3033 362 3080 ma
379 3007 498 3080 canali
516 3007 718 3096 arterium,
738 3006 791 3078 ibi
813 3007 902 3080 olim
922 3014 1085 3107 patenti,
1099 3023 1235 3103 nunc,
1256 3029 1294 3090 ut

299 3126 412 3213 solet,
429 3125 600 3214 occluso;
619 3124 707 3212 nisi,
723 3121 886 3222 quod'in
914 3123 989 3198 hoc
1012 3125 1196 3218 homiue‚'
1211 3155 1293 3204 raro

299 3219 495 3342 exemplo,
511 3235 608 3334 ejus,
623 3240 726 3314 unde
737 3241 888 3346 incipit,
905 3240 1091 3316 orificium
1106 3243 1148 3349 in
1162 3247 1293 3318 arteria

299 3359 511 3458 pulmonari
524 3357 632 3430 hians
648 3355 742 3446 vidi,
754 3371 797 3429 ut
813 3359 1008 3458 specillum
1029 3361 1234 3436 immittere
1251 3362 1292 3436 ad

300 3475 562 3574 sesquilineam
589 3475 865 3575 Bononiensem
881 3477 1082 3572 potuerim.
1101 3481 1145 3548 In
1166 3498 1291 3552 ventre

206 3675 208 3680 ,
300 3617 383 3691 quae
395 3607 528 3692 praeter
537 3605 707 3664 naturam
720 3607 863 3678 essent,
882 3591 960 3664 haec
970 3591 1160 3664 adnotavi.
1184 3599 1292 3670 Reois

298 3711 494 3808 utriusque
511 3705 726 3806 superficies
742 3705 813 3780 fuit
832 3709 1148 3806 'quasituberosa3
1174 3712 1239 3785 sed
1253 3715 1292 3786 le·

297 3825 1292 3928 riterzalteriusinsuperquodamlocosubsidebatqui

298 3941 404 4016 locus
424 3941 569 4024 ambitu
595 3943 900 4044 circumscriptus
921 3959 1000 4045 erat
1019 3945 1172 4041 circuli,
1188 3949 1290 4050 cujus

1013 4288 1018 4323 Ι
