2836 4648
67 418 177 466 trev.
192 421 238 466 ns
251 417 567 469 snnaunrsanmn.
578 415 702 464 surus.
715 415 826 464 srtsr.
842 416 967 463 nxvur.
995 391 1066 466 625

67 530 169 631 lubri
187 534 336 628 corticis
349 529 520 602 efficaciae
540 545 728 627 repugnat
743 529 898 601 materia
911 553 993 626 quae
1006 544 1070 600 aut

68 647 117 716 ad
130 664 277 736 cutem,
294 663 358 720 aut
372 647 419 718 ad
432 647 608 732 articulos
625 646 709 740 ejici
721 670 743 716 e
754 646 936 742 sanguine
948 662 1071 745 coepta

70 765 136 852 sit,
158 765 246 837 inde
264 781 388 838 autem
405 765 611 836 introrsum
628 763 666 831 vi
681 759 830 859 frigoris
848 764 992 834 externi
1010 788 1072 835 re·

67 882 188 978 pulsa.
216 883 442 968 Persanavit
457 881 558 967 enim
580 895 709 952 cortex
728 879 965 951 Cardinalem
983 883 1071 968 emi·

67 999 333 1092 nentissimum
358 1000 425 1096 qui
443 1013 528 1095 post
546 997 585 1068 id
607 998 647 1068 in
660 997 964 1094 malignissimam
980 999 1072 1070 inci-

68 1112 177 1187 derat
200 1114 355 1204 febrim,
375 1131 423 1188 ut
452 1115 532 1186 fuse
557 1113 604 1186 ad
627 1129 663 1185 te
690 1114 778 1187 alias
795 1113 853 1210 (l)
868 1115 1017 1211 scripsi,
1035 1129 1073 1191 et

67 1234 282 1330 personavit
297 1257 451 1330 quoque
468 1231 830 1328 famigeratissimum
847 1232 971 1302 virum
990 1233 1075 1304 Hal·

67 1348 217 1438 lerum,
242 1375 357 1447 quem
376 1349 423 1420 ab
446 1349 498 1421 sic
522 1347 672 1445 repulsa
689 1347 856 1444 podagra
878 1347 993 1420 febris
1014 1370 1087 1422 ve··

68 1464 352 1542 hementissima
370 1489 456 1538 cum
471 1464 690 1561 erysipelate
705 1466 844 1560 pariter
860 1462 966 1537 faciei
975 1491 1074 1564 pene

69 1597 328 1682 oppresserat,
351 1599 393 1654 ut
413 1584 493 1680 ipse
509 1595 648 1670 ¹narrat
665 1581 705 1651 in
731 1582 775 1652 iis
802 1605 884 1677 quae
901 1581 949 1652 ad
978 1587 1073 1655 CLII

68 1701 364 1797 disputationem
396 1699 589 1770 adnotavit
609 1723 654 1770 ex
678 1696 749 1778 illis
766 1721 859 1793 quas
878 1697 925 1769 ab
944 1723 981 1770 se
1001 1702 1082 1786 col,

69 1818 187 1912 lectas
215 1817 308 1890 boni
328 1816 474 1916 publici
496 1815 618 1911 studio
642 1813 759 1884 edidit
784 1813 838 1884 ad
860 1817 1075 1888 morborum

67 1934 284 2021 historiam,
303 1949 340 2004 et
357 1937 589 2010 curationem
603 1933 804 2024 facientes.
829 1931 976 2004 Scilicet
993 1957 1074 2018 nou

70 2065 150 2122 tam
166 2050 263 2138 hmo,
286 2075 398 2146 quam
416 2049 511 2122 illud
530 2047 635 2146 quod
653 2063 745 2120 tunc
760 2047 938 2136 diximus,
961 2049 1077 2122 atten-

73 2167 245 2238 dendum
262 2183 337 2256 est,
360 2193 408 2237 an
425 2166 623 2265 periodicae
642 2165 714 2236 sint
732 2162 875 2255 febres,
893 2167 930 2238 id
952 2184 1007 2240 est
1023 2169 1077 2240 in-

72 2285 377 2382 termissionem,
402 2299 466 2355 aut
492 2284 750 2388 remissionem
777 2283 906 2360 saltem
937 2284 1077 2360 habere

75 2403 357 2490 consueverint,
381 2416 423 2474 ut
450 2424 518 2498 per
550 2403 835 2498 tempestivum,
866 2426 910 2499 ac
935 2403 1078 2498 justum
1137 2387 1141 2404 ¹

73 2543 186 2590 usum
203 2521 352 2590 corticis
362 2511 650 2616 sperareliceat,
661 2495 1079 2618 ipsasJidjunctamque

75 2635 123 2704 iis
139 2635 408 2733 malignitatem
430 2634 606 2706 abactum
627 2636 684 2704 iri.
707 2637 838 2732 Neque
860 2627 961 2704 enim
980 2637 1084 2710 dun--

74 2766 175 2823 taxat
192 2751 298 2850 quod
315 2749 448 2848 febrile
462 2767 536 2840 est,
552 2750 618 2822 sed
635 2767 671 2822 et
683 2751 777 2824 illud
794 2751 897 2849 quod
911 2777 990 2825 non
1004 2771 1076 2842 est,

70 2867 216 2940 etiamsi
226 2867 368 2966 absque
378 2866 682 2941 manifestafehre
693 2869 750 2956 sit,
760 2885 1077 2966 quanquamtunc

71 3008 151 3054 non
167 2971 243 3057 lere
264 3009 427 3084 semper,
448 2977 565 3082 abigit
576 2981 941 3082 cortex,dumm0do
953 2989 1077 3084 perio·

72 3100 156 3191 dice
172 3101 210 3172 id
226 3119 419 3174 recurrat:
438 3102 648 3202 quodcum
668 3101 756 3172 alias
767 3102 822 3198 (a)
837 3099 1076 3202 observatam

68 3199 1075 3318 jamessescripsimus,tumrecentioreetluculentiore

72 3334 251 3434 Stephani
270 3336 565 3434 Wcszpremi(3)
577 3337 838 3408 observatione
849 3336 1074 3414 confirmare

72 3473 175 3522 nunc
195 3475 408 3548 possemus,
425 3454 559 3558 eodem
587 3454 754 3526 remedio
771 3457 944 3552 pervictae
968 3481 1075 3552 aeque

881 3629 1073 3652 rm

113 3731 156 3811 (1)
177 3735 272 3809 Epist.
288 3741 340 3808 49,
356 3751 386 3788 n.
401 3735 439 3790 30
454 3745 559 3814 etseq.

114 3831 158 3910 (a)
179 3832 259 3892 thid:
277 3851 306 3888 n.
326 3851 363 3908 29
376 3833 408 3888 in
423 3833 473 3892 lin.

111 3929 155 4011 (3)
177 3933 302 3992 Obtetv.
314 3932 392 3994 med·
409 3940 438 4002 4.
