2858 4658
261 493 304 550 12
421 487 642 552 nrsszntnus
668 473 710 536 rr
735 486 860 546 muns
885 488 1094 538 uonnonum
1164 465 1195 511 Ἀ

262 601 1262 702 pustulosamcujusdampuellaescabiemablanarepe·

261 737 366 810 tens,
383 746 459 818 qua
475 745 546 818 pro
562 721 907 818 stragulissenoctu
918 721 1140 819 obtegebat,¹
1153 723 1261 818 cujus

264 839 356 912 lauae
374 863 460 936 pars
485 853 580 912 esset
603 839 780 912 scabiosis
800 839 936 911 ovibus
960 854 1078 911 tonsa.
1101 837 1259 910 Ibidem.

261 957 507 1028 Coscwizium
527 955 671 1045 laudat,
691 959 757 1056 qui
771 957 821 1032 ob
833 957 1028 1046 laneorum
1045 981 1262 1056 pannorum

261 1075 522 1148 tractationem
541 1091 702 1148 sartores
716 1101 791 1176 prae
804 1075 885 1148 aliis
903 1075 979 1150 hoc
995 1075 1132 1148 morbo
1145 1075 1265 1174 inqui·

260 1193 342 1266 nari
365 1193 517 1266 dixerat.
540 1197 671 1292 Neque
694 1193 828 1268 AEliani
851 1194 966 1265 verba
994 1195 1143 1286 reticet,
1161 1191 1269 1296 quod

262 1314 330 1407 qui
345 1307 473 1381 lanam
496 1317 572 1384 ovis
586 1337 612 1382 u
626 1311 724 1410 lupis
741 1309 937 1383 dilaniatae
956 1316 1130 1412 pererit,
1151 1326 1265 1417 utque

260 1450 311 1498 ex
332 1451 378 1496 ea
393 1427 771 1520 uestem-confecerit,
804 1430 965 1502 scabiem
986 1423 1266 1528 provocaturus

262 1550 311 1620 sit
323 1551 359 1615 ei
374 1551 441 1644 qui
451 1545 519 1617 illa
537 1552 728 1634 vestietur,
745 1571 793 1617 an
813 1547 901 1644 quia
917 1545 1105 1642 ejusmodi
1118 1547 1197 1618 ovis
1214 1544 1265 1616 ob

260 1663 476 1761 graviorem
505 1663 666 1738 scabiem
693 1661 882 1733 infirmior
903 1679 965 1734 aut
983 1679 1132 1738 caeteras
1159 1663 1267 1761 sequi

261 1782 468 1880 impotens,
487 1797 552 1853 aut
566 1807 586 1852 a
598 1785 753 1870 ceteris,
769 1807 819 1856 ne
835 1780 919 1869 haS,
937 1806 1089 1880 quoque
1103 1779 1267 1870 inficiat,

262 1899 410 1986 abacta,
427 1902 480 1970 sic
500 1902 540 1974 in
563 1900 674 2002 lupos
697 1897 803 1974 facile
819 1899 992 1972 incidat?
1018 1901 1095 1972 Nec
1113 1901 1201 1998 quia
1226 1899 1267 1972 in

261 2015 333 2092 hac
348 2018 496 2089 civitate
508 2018 549 2088 in
570 2042 645 2116 qua
662 2032 719 2088 tot
736 2017 909 2089 homines
926 2013 1093 2090 lanificio
1110 2041 1267 2116 operam

265 2131 377 2222 dant,
409 2136 530 2207 rarius
556 2135 710 2232 aliquis,
734 2135 792 2205 vet
821 2135 932 2207 exiis
960 2136 1067 2234 ipsis,
1094 2149 1269 2209 occurrat

266 2250 481 2340 scabiosus3
498 2251 586 2322 ideo
603 2252 649 2324 cl.
670 2254 838 2324 virorum
858 2253 1082 2348 conjecturae
1094 2277 1279 2354 spernens

267 2369 322 2442 dae
348 2385 445 2442 sunt.
470 2370 551 2442 Atia
580 2372 680 2441 enim
709 2370 789 2442 aliis
824 2371 863 2439 in
888 2369 1107 2468 regionibus
1130 2370 1271 2471 pabul'a

268 2503 373 2575 sunt,
392 2488 470 2558 aliae
487 2511 591 2584 aquae
605 2502 641 2559 et
655 2486 732 2558 aliae
742 2484 896 2558 fortasse
904 2488 943 2559 in
952 2487 1171 2588 seligendis,
1187 2513 1272 2587 pur·

270 2605 475 2703 gandisque
490 2605 585 2675 lanis
602 2605 785 2677 rationes:
805 2618 842 2676 et
858 2628 962 2676 nunc
984 2619 1084 2676 certe
1097 2605 1136 2675 in
1157 2610 1275 2679 Vene-

271 2724 322 2794 tia
333 2725 439 2823 siqua
449 2723 598 2826 gravior
613 2715 737 2793 ovium
749 2738 873 2795 cutem
890 2721 1093 2824 prehendit
1103 2719 1274 2811 infectio,

270 2864 348 2910 non
373 2838 489 2909 modo
512 2864 641 2910 earum
667 2841 759 2910 lance
779 2841 1024 2939 rejiciuntur3
1049 2839 1114 2912 sed
1138 2841 1275 2940 nequis

270 2955 392 3030 facere
417 2953 587 3027 fraudem
617 2973 763 3055 posset,
789 2961 954 3056 ipsarum
984 2957 1166 3031 cadavera
1199 2959 1277 3030 suis

271 3095 358 3148 cum
379 3072 472 3144 lanis
494 3073 607 3146 humo
626 3091 764 3171 tegere,
782 3092 824 3147 ut
849 3074 1028 3174 Virgilius
1054 3073 1108 3171 (1)
1135 3076 1207 3163 ait,
1229 3095 1275 3144 ac

264 3192 386 3280 foveis
400 3190 642 3281 abscondere,
668 3193 866 3265 consilium
879 3190 954 3264 tuit
972 3193 1078 3292 quod
1097 3217 1277 3298 supremo
1302 3195 1305 3204 ’

273 3298 517 3380 Venetiarum
527 3311 776 3406 magistratui,
790 3310 966 3410 praefecto
977 3311 1135 3410 publice
1150 3311 1280 3400 saluti,

273 3425 500 3514 obtulimus,
519 3452 605 3497 curn
626 3452 741 3526 super
768 3428 839 3500 hac
856 3454 897 3500 re
917 3429 1031 3524 hujus
1060 3429 1187 3500 eximii
1202 3453 1280 3500 rne-

272 3543 620 3646 dicorum'collegii
644 3547 799 3620 nomine
822 3570 923 3618 anno
952 3551 1045 3646 1724
1067 3545 1278 3648 respoude-

271 3687 410 3738 remus.

313 4041 358 4121 (ι)
379 4031 450 4098 Loc.
468 4042 518 4100 cit.
