2858 4658
198 477 268 528 nir.
280 477 330 528 rv.
345 479 392 526 us
406 476 543 526 uuaars
557 448 753 542 aurnuns,
767 467 836 527 etc.
851 478 962 528 srrsr.
977 480 1033 528 cv.
1087 459 1133 534 35

130 593 199 667 ttic
224 593 296 665 tibi
313 592 466 664 Advers.
484 595 520 679 I,
546 617 583 662 u.
614 617 662 665 ra.
677 591 732 686 (1)
749 607 788 664 et
803 593 956 666 Advers.
980 599 1030 668 IV
1056 599 1137 670 aui-

128 711 229 784 mad.
249 711 297 783 33
316 709 378 806 (a)
396 709 556 806 legenda
573 725 684 796 sunt;
704 709 834 782 inillis
854 713 954 782 enim
976 736 1046 810 ego
1064 715 1137 811 pri·

128 851 237 900 mum
271 853 316 898 ex
344 827 512 925 pilorum
541 826 820 924 conceptaculis
840 825 1019 900 adversus
1039 830 1139 927 glan·

126 946 240 1018 dulas
257 945 438 1019 sebaceas
463 943 739 1018 dubitationem
756 943 939 1030 indicavi,
960 947 1004 1019 iu
1024 949 1139 1020 utris-

117 1089 207 1163 ,que
225 1077 353 1134 autem
378 1061 548 1159 quadam
572 1062 644 1159 ipsi
668 1061 919 1150 adversantia,
944 1077 1009 1136 aut
1037 1079 1138 1140 certe

129 1184 253 1282 ipsam
280 1181 477 1253 limitantia
500 1205 581 1250 non
603 1181 763 1252 reticui:
786 1179 927 1278 quibus
943 1207 1047 1254 nunc
1070 1183 1138 1257 ad-

119 1299 221 1388 das,
238 1323 319 1368 non
338 1295 463 1370 futura
481 1299 549 1370 ista
571 1321 659 1368 aava
676 1298 715 1368 iu
729 1299 809 1370 nasi
819 1297 886 1370 alis
899 1300 1058 1398 majora,
1071 1299 1140 1373 ubi

128 1416 309 1489 videlicet
322 1416 470 1488 minimi
484 1431 592 1488 eraut
604 1416 680 1514 pili.
691 1416 969 1514 Vaginaautem
981 1419 1051 1490 ista
1065 1417 1138 1490 sub

130 1549 219 1606 cute
234 1536 276 1605 iu
294 1534 525 1632 pinguedine
542 1530 664 1606 defixa
681 1547 756 1620 est3
772 1533 944 1606 Columbi
952 1536 1052 1608 enim
1062 1559 1139 1608 sen·

130 1658 289 1726 tentiam
321 1656 481 1724 acritate
508 1656 579 1722 niti
608 1665 819 1739 autumant,
848 1677 974 1724 omues
998 1653 1139 1726 scilicet
1227 1745 1230 1753 ¹

123 1771 230 1872 pilos
245 1770 413 1843 iudicem
427 1795 535 1841 suum
550 1775 588 1840 in
602 1768 832 1866 pinguedine
849 1768 1045 1843 collocare.
1065 1777 1139 1846 Co-

124 1888 288 1962 :lumhus
308 1911 542 1984 veronaque
560 1911 688 1958 omnes
716 1888 883 1984 scripsit,
915 1912 1041 1985 neque
1056 1913 1139 1988 ,ego

129 2009 282 2106 scripsi,
313 2029 400 2078 cum
426 2006 509 2101 ejus
534 2005 710 2103 primum*
727 2029 879 2103 quoque
916 2007 1141 2083 sententiam

132 2124 295 2224 protuli,
327 2137 370 2194 ut
393 2147 438 2194 ex
458 2121 610 2194 Advers.
637 2125 673 2192 11
700 2121 861 2208 animad,
881 2121 902 2194 5
923 2147 1138 2220 cognusces.

16 2332 19 2340 ι
130 2247 211 2342 Ego
228 2243 332 2316 euim
346 2262 425 2312 non
438 2239 555 2310 modu
568 2239 732 2312 sciebam
754 2263 833 2315 csse
846 2241 944 2338 pilos
959 2266 982 2314 a
1000 2241 1158 2340 quibus¹

131 2373 251 2432 totam
284 2360 379 2432 cutis
398 2357 690 2432 crassitudinem
730 2357 904 2454 pervadi,
939 2343 1139 2434 ostendere

131 2502 211 2550 nun
225 2477 434 2577 possimus3
449 2474 515 2548 sed
532 2490 569 2548 et
585 2474 813 2548 Columbum
826 2476 949 2572 ipsum
964 2477 1139 2552 videbam

131 2597 396 2668 intercaeteros
414 2593 483 2690 qui
500 2588 725 2690 pinguedini
741 2589 978 2689 affliguntur,
1002 2579 1069 2666 ¹eos
1084 2593 1140 2667 di·

126 2729 230 2787 serte
260 2711 450 2809 excepisse
474 2711 541 2807 qui
568 2711 608 2780 in
635 2723 761 2780 scroto
790 2725 898 2782 sunt:
929 2709 988 2782 his
1013 2726 1140 2787 autem

126 2829 363 2928 adjiciendos
374 2827 792 2924 essealiosmtputaflqui
804 2851 850 2898 ex
867 2830 1030 2924 proximi
1043 2829 1136 2902 colis

125 2949 422 3047 integumentis,
438 2959 476 3016 et
495 2945 563 3044 qui
576 2945 785 3018 tenuissimi
805 2965 853 3018 cx
865 2944 1041 3020 auriculae
1057 2947 1139 3045 pin·

131 3091 198 3157 na,
214 3081 256 3137 et
274 3091 321 3137 ex
337 3063 531 3162 lacrymali
549 3062 754 3143 caruncula
775 3063 948 3136 existunt.
979 3065 1067 3138 Noli
1089 3080 1141 3138 ta·

126 3209 222 3258 men
235 3182 411 3267 credere,
430 3183 582 3280 vaginas
599 3181 687 3257 istas
706 3181 871 3279 pilorum
888 3206 971 3278 quae
992 3205 1064 3279 pro
1088 3208 1141 3256 se·

127 3298 263 3374 baccis
280 3298 469 3398 glandulis
492 3299 792 3389 substituuntur,
814 3297 900 3370 ideo
922 3299 962 3370 in
981 3300 1141 3398 pingue·

134 3417 223 3490 dine
240 3415 383 3490 defixas
401 3418 517 3514 poni,
543 3433 587 3488 ut
606 3441 652 3488 cx
679 3415 749 3487 hac
771 3415 935 3488 oleosam
953 3417 1141 3514 accipiant

131 3536 342 3608 materiem.
360 3533 515 3606 Prodire
534 3518 689 3632 quidem
703 3559 748 3604 ex
763 3534 808 3605 iis
820 3534 963 3632 vaginis
982 3535 1137 3610 materia

131 3654 272 3728 dicitur
290 3677 374 3751 quae
396 3650 553 3726 sebacea
568 3666 746 3740 vocatur;
765 3649 832 3723 sed
857 3652 984 3726 cleosa
1012 3665 1138 3736 tamen

172 3937 214 4020 (1)
235 3939 349 3997 Versus
363 3935 463 3996 finem.

132 4063 136 4074 ¹
172 4033 394 4120 (stutueb-
434 4047 479 4075 ,.;
528 4069 532 4074 ·
