2858 4658
310 383 408 488 gg}
499 417 546 470 nn
572 416 716 470 sarnus
741 415 786 466 aa
811 413 935 466 causts
959 412 1170 466 nonnonuu
1235 433 1239 444 ·

308 535 418 609 nullo
432 559 600 634 unquam
618 534 659 604 in
673 545 748 604 tam
765 531 881 629 ¹longa
893 532 969 602 vita
986 545 1185 629 correptus
1209 549 1325 602 mor·

311 653 364 726 bo
383 653 449 751 qui
475 650 718 722 adnotatione
743 647 1011 746 dignusesset.
1043 648 1121 720 Sub
1149 645 1326 721 tannarii

235 800 241 810 ·
312 771 428 844 finem
454 768 606 842 insolito
630 765 780 864 frigoris
798 781 929 855 sensu,
950 782 1039 865 post
1060 766 1228 838 triduum
1250 791 1327 838 au·

307 905 387 960 tem
407 881 670 982 tantofrigore
697 883 905 982 prehensus
932 899 1005 974 est,
1031 899 1074 955 ut
1092 883 1232 956 lectum
1252 909 1325 982 pe·

309 1021 390 1078 tere
407 1017 626 1101 cogeretur,
639 1001 769 1098 ibique
777 1000 1024 1076 nihilominus
1037 1001 1150 1074 horas
1166 1002 1325 1099 aliquot

309 1121 480 1221 frigeret,
508 1119 631 1194 donec
662 1118 798 1194 calidis·
816 1122 947 1217 saepius
975 1120 1138 1192 admotis
1170 1120 1321 1210 linteis,

310 1263 448 1339 corpus
466 1236 617 1310 tandem
640 1237 830 1334 reliquum
854 1237 1078 1310 calesceret:
1113 1235 1177 1308 sed
1207 1237 1323 1334 pedis

310 1356 451 1432 sinistri
471 1379 602 1438 omnes
622 1354 748 1452 digiti,
776 1369 815 1426 et
835 1369 1056 1428 metatarsus
1081 1352 1322 1453 frigidissimi

204 1535 212 1542 .
309 1472 1063 1574 permanerent,nihilsentirent,vixque
1079 1471 1321 1546 flectendum

268 1639 272 1658 .
308 1592 566 1666 musculorum
585 1591 638 1680 vi,
675 1615 841 1688 quorum
877 1586 1052 1662 videlicet
1084 1611 1240 1662 carnem
1274 1594 1319 1664 in

305 1711 397 1809 ipsis
416 1709 540 1808 digitis
569 1732 648 1778 non
674 1731 754 1780 esse
772 1710 892 1790 nosti,
911 1703 1091 1780 nonnihil
1118 1707 1319 1782 flecteren-

306 1843 393 1900 tur:
413 1843 449 1900 et
464 1825 568 1924 quod
582 1825 702 1896 multo
720 1825 885 1898 deterius
901 1841 1002 1915 erat,
1026 1825 1206 1898 lividulus
1225 1851 1317 1926 pos·

302 1943 416 2016 tridie
441 1945 548 2016 color
563 1945 640 2039 jam
672 1968 693 2013 a
727 1943 865 2040 pollice
890 1945 929 2014 in
961 1957 1204 2016 metatarsum
1230 1969 1318 2042 per·

305 2087 399 2176 genq
429 2059 805 2132 animadvertebatur.
852 2065 1065 2134 Occursum
1098 2061 1156 2134 ¹est
1191 2063 1316 2135 inter·

304 2183 385 2269 nis„
404 2180 640 2275 externisque
651 2176 837 2250 remediis.
856 2178 928 2252 Sed
944 2183 1164 2276 quanquam
1180 2180 1220 2250 in
1235 2205 1317 2256 me·
1401 2257 1403 2266 ,

304 2311 442 2369 tatarso
470 2295 586 2382 livor,
606 2311 643 2367 et
670 2293 788 2392 frigus
804 2295 991 2370 ‚nonnihil
1020 2297 1211 2370 remittere
1230 2299 1315 2370 visa

303 2430 406 2502 sunt;
425 2415 522 2486 circa
540 2413 655 2486 finem
674 2429 801 2484 tamen
813 2411 1016 2503 februarii,
1029 2429 1195 2486 extrema
1212 2415 1314 2514 digi-

302 2548 430 2604 torum
447 2535 523 2630 jam
551 2547 636 2606 cute
668 2547 775 2610 erant
799 2533 928 2628 nigra,
955 2533 1073 2617 sicca,
1100 2547 1137 2603 et
1157 2541 1314 2608 mumioe

302 2653 419 2724 instar
431 2651 541 2738 dura,
574 2675 698 2747 neque
715 2649 755 2718 in
772 2650 855 2748 ipso
880 2664 1081 2722 metatarso
1099 2651 1206 2723 initia
1219 2651 1312 2724 dee-

301 2785 387 2841 rant
399 2767 516 2840 futuri
532 2767 674 2854 morbi,
689 2783 773 2838 cute
788 2768 866 2862 jam
882 2767 1033 2839 duobus
1053 2768 1147 2840 locis
1166 2771 1206 2838 in
1226 2770 1312 2865 ejus

246 2911 247 2918 ¹
301 2887 415 2959 dorso
432 2887 658 2984 nigricante,
679 2885 756 2955 imo
775 2886 815 2955 in
841 2887 959 2957 altero
977 2905 1112 2956 eorum
1132 2885 1310 2960 locorum

229 3011 232 3022 '
297 3005 374 3101 jam
400 3002 503 3074 dura.
534 3001 761 3074 Duriuscula
785 3027 941 3100 quoque
977 3019 1056 3074 erat
1090 3003 1139 3074 ad
1162 3019 1310 3078 tarsum

301 3135 425 3208 certo,
451 3117 518 3190 ubi
537 3117 760 3214 nigricabat,
786 3117 884 3190 loco.
918 3123 1003 3217 Ipse
1032 3136 1157 3192 autern
1184 3136 1309 3196 tarsus

238 3287 244 3310 .
298 3235 501 3310 novisiirne
514 3233 631 3306 factus
652 3250 731 3308 erat
743 3235 921 3308 nonnihil
936 3236 1121 3324 tumidus,
1139 3251 1175 3310 et
1195 3241 1227 3310 si
1248 3242 1308 3312 di-

299 3357 376 3452 gito
417 3377 635 3452 premeres,
670 3353 869 3452 vestigium
906 3376 1058 3429 servans
1092 3370 1129 3426 et
1159 3356 1307 3430 dolens.

298 3472 527 3564 Quinetiam
549 3469 619 3541 sub
640 3469 766 3568 planta
790 3494 830 3542 se
852 3471 1034 3544 extulerat
1059 3497 1173 3570 parva
1201 3475 1307 3548 alba·-

226 3627 230 3635 =
297 3567 372 3688 que
399 3588 580 3672 vesicula,
604 3588 663 3656 vix
689 3587 937 3684 pauxillulum
957 3613 1063 3686 aquae
1092 3592 1304 3668 continens

295 3706 352 3779 Ad
370 3707 564 3780 malleolos
584 3703 683 3774 idem
712 3703 829 3775 ferme
854 3708 920 3802 qni
945 3707 984 3776 in
1000 3722 1136 3810 tamn,
1154 3725 1303 3806 tumor.
1405 3743 1406 3765 2

296 3829 390 3898 Crus
407 3825 594 3919 reliquum
612 3821 789 3892 nonnihil
815 3826 941 3921 potius
961 3839 1215 3900 extenuatum.
1238 3834 1305 3901 In·

293 3959 353 4019 ter
363 3943 441 4015 haec
451 3965 560 4043 aeger,
575 3941 643 4012 etsi
657 3935 788 4038 febris,
800 3941 889 4018 levis
904 3923 1099 4044 quidem‚a
1113 3945 1241 4018 morbi
1248 3963 1304 4039 ta·
