2824 4652
301 445 372 535 sit.
457 469 504 518 nr
529 463 677 517 caninus
702 465 747 514 ar
772 461 898 514 causis
922 461 1136 514 morrono!

300 607 387 656 rum
414 595 452 654 te
474 581 561 654 scio.
590 581 682 671 Quae
698 599 813 652 causa
841 577 953 649 etiam
971 574 1065 666 fuit,
1088 591 1132 648 ut
1155 573 1226 648 has
1240 575 1304 652 tibi

192 775 197 786 ,
300 699 529 787 indicarem,
545 696 733 794 simulque
753 710 826 785 est,
845 709 889 768 ut
906 691 1209 792 descriptionem
1221 717 1306 792 quo·

304 841 380 916 que
398 815 563 888 indicem
571 813 848 911 'aneurysutatis
866 813 1008 884 arteriae
1025 809 1202 908 ejusdem
1209 835 1306 909 mag-

301 959 376 1022 11ae,
389 947 428 1008 et
447 931 598 1006 cordis
588 953 767 1030 insuper,
769 953 898 1062 quani
914 928 1010 1002 alter
1027 929 1306 1004 camilla

259 1141 263 1152 Α
301 1052 404 1150 regia
429 1049 628 1134 Academia
652 1046 825 1148 egregius
845 1045 1024 1122 virdedit
1042 927 1306 1144 Rolocfldtldffl.

271 1155 273 1165 ¹
301 1168 445 1262 l‘oteris
459 1167 560 1238 enim
579 1189 665 1238 cum
684 1189 727 1238 ea
737 1163 910 1240 conferre
923 1164 1185 1264 descriptione
1200 1189 1307 1263 quarn

303 1285 357 1376 ad’
366 1301 403 1358 te
412 1283 495 1357 misi
504 1284 660 1383 epistola
670 1287 791 1358 xxvl
802 1282 858 1382 (a)
868 1284 1068 1381 viri‘qu'cm
1084 1281 1192 1354 idem
1203 1297 1308 1355 aorta

304 1401 478 1490 morbus,
495 1401 628 1474 iisdem
646 1425 692 1478 ex
717 1392 829 1504 parte
848 1399 998 1476 ossibus
1013 1399 1254 1501 absumptis,
1278 1415 1310 1473 et

308 1519 492 1618 sanguine
509 1517 639 1590 itidem
663 1519 874 1592 extrorsum
889 1515 1032 1609 effuso,
1047 1519 1312 1628 interemerat,

179 1623 187 1642 ⁸
309 1653 347 1734 pt
364 1661 434 1710 our
448 1651 575 1708 tamen
595 1661 675 1709 non
696 1629 814 1728 illico,
830 1649 873 1709 ut
893 1660 1022 1726 meus,
1046 1635 1226 1734 perierit,
1248 1636 1311 1708 iste

193 1844 195 1848 f
307 1755 422 1844 alter,
437 1776 675 1855 cognoscere.
695 1753 808 1848 Quod
825 1778 914 1828 vero
929 1753 969 1826 in
984 1778 1029 1826 ea
1046 1753 1310 1828 dissertatione

309 1872 496 1973 quamde
522 1870 713 1945 trombelli
740 1895 828 1946 casu
856 1871 972 1946 verba
1010 1869 1153 1946 faciens
1184 1872 1310 1946 eadem

308 1989 466 2091 epistola
484 1989 539 2088 (3)
550 1989 776 2078 memoravi,
794 1988 991 2090 sperabam
1012 2003 1049 2064 te
1068 1990 1219 2092 aliquid
1236 2015 1311 2063 non

308 2131 464 2208 prorsus
483 2105 661 2181 dissimile
679 2107 861 2181 Verlichii
888 2106 1167 2182 observationis
1184 2131 1312 2206 reper-

309 2242 450 2298 turum.
467 2231 518 2301 Ea
536 2249 602 2325 spe
621 2225 760 2317 excidi,
782 2250 870 2299 cum
889 2223 1194 2334 dissertationem
1213 2226 1309 2300 illan

197 2417 203 2426 ,
263 2351 266 2356 ’
309 2343 461 2416 tandem
488 2359 640 2433 nactus,
672 2367 752 2416 non
779 2343 827 2416 de
858 2345 1141 2418 steatomatibus
1166 2369 1252 2443 quae
1275 2345 1310 2416 in

311 2484 456 2562 inagna
469 2461 611 2534 arteria
627 2463 766 2534 tunicis
786 2462 1049 2551 increvissent,
1065 2464 1125 2562 agi
1138 2464 1313 2564 cognovi,

264 2573 266 2578 ’
310 2578 378 2652 sed
401 2575 449 2650 de
464 2577 819 2654 concretionibusin
835 2578 897 2652 bis
915 2578 1069 2652 dilatato
1088 2578 1208 2676 hujus
1227 2603 1311 2654 cavo

309 2695 555 2782 haerentibus,
580 2720 651 2768 nec
665 2695 785 2778 ullum
803 2719 889 2770 curn
908 2697 1052 2770 arteriro
1067 2698 1215 2795 pariete
1231 2699 1311 2772 inti·

261 2857 263 2864 v
309 2831 415 2890 inum
434 2814 704 2888 commercium
721 2812 971 2905 habentibus,
990 2829 1032 2887 ut
1052 2839 1114 2889 eas
1126 2839 1201 2913 pro
1215 2817 1313 2916 poly-

308 2934 411 3032 posis
424 2941 511 3036 quae
521 2933 561 3018 in
580 2930 906 3029 aneurysmatibus
921 2932 1100 3032 paulatim
1115 2955 1189 3032 per
1204 2948 1311 3008 strata

309 3051 533 3136 crevissent,
550 3073 659 3148 posse
675 3049 795 3148 accipi
809 3049 1069 3148 intellexerim.
1093 3053 1151 3124 De
1168 3052 1313 3126 duabus

310 3178 456 3253 autem,
474 3148 567 3261 quas
579 3164 649 3238 tibi
666 3165 857 3265 pollicitus
873 3191 957 3240 sum
980 3165 1052 3266 (4),
1072 3169 1180 3266 rupti
1193 3167 1312 3242 oculis

309 3279 654 3372 observationibus,
675 3282 770 3354 mibi
786 3307 810 3356 a
826 3299 1014 3384 spectato,
1044 3281 1136 3356 dum
1149 3280 1311 3373 ¹viveret,

310 3397 484 3486 medico,
516 3414 554 3472 et
584 3415 710 3474 vetere
747 3397 891 3502 amico,
908 3403 1111 3477 Laurentio
1142 3407 1311 3478 Mariano

350 3702 393 3785 (1)
414 3705 492 3778 Hist,
503 3705 541 3763 de
556 3705 669 3765 l'Acad.
683 3725 748 3784 roy.
759 3707 812 3767 des
824 3708 872 3768 Sc.
888 3709 925 3768 dc
936 3709 1035 3770 Berlin
1049 3728 1119 3786 ,tm-
1135 3709 1225 3784 1757.
