2824 4652
65 465 978 536 unvnmoosnuutomusurrurou.rrrsrmiuv.
1001 449 1066 536 stn

67 597 202 672 sectam
219 599 561 678 animadvertimus.
578 599 654 670 Cor
668 596 868 696 ma'guum,
887 603 968 694 ejus
987 625 1071 672 om-

68 715 183 790 nibus
221 719 356 805 caveis,
397 741 474 788 una
517 731 671 812 excepta
709 716 857 788 sinistra
883 719 1072 807 auricula,

71 833 326 933 amplificatis,
347 815 964 931 nontamenextenuataparietum
977 846 1075 909 cras⁴

71 951 253 1041 situdine3
266 955 345 1022 imo
364 967 472 1022 aucta
493 952 628 1049 passim
653 975 757 1048 aeque
775 973 817 1023 ac
836 953 1075 1051 longitudine

69 1069 113 1140 in
128 1069 305 1141 omnibus
324 1069 448 1140 cordis
467 1067 657 1166 partibus,
686 1080 723 1140 et
742 1071 931 1167 praecipue
952 1071 990 1140 in
1010 1095 1076 1142 eo-

72 1185 222 1258 lumnis.
238 1164 469 1285 Amplificata
480 1161 711 1258 manifestius
725 1187 764 1256 in
780 1185 1056 1284 longitudinem
1067 1220 1084 1279 ,·

74 1317 113 1376 et
137 1302 378 1384 ,latitudinem
413 1305 580 1400 amicula
612 1303 783 1393 dextera,
812 1306 892 1402 ipsa
921 1331 1079 1404 quoque

74 1423 273 1496 interiores
305 1421 464 1493 lacertos
499 1422 727 1514 crassiores,
761 1437 798 1496 et
832 1425 1079 1497 exstantiores

75 1537 307 1610 ostendebat.
326 1539 482 1636 Sanguis
499 1539 538 1609 in
557 1561 599 1608 ea
617 1539 772 1626 multus,
792 1555 834 1610 ut
851 1539 894 1610 in'
913 1557 1079 1639 utroque

75 1654 189 1728 etiam
206 1653 438 1742 ventriculo,
455 1656 561 1751 isque
574 1655 818 1753 nigerrimus,
836 1661 1079 1753 et'semicon·

78 1787 220 1859 cretos,
231 1771 328 1842 nihil
342 1787 468 1843 tamen
480 1771 653 1870 polyposi
666 1771 818 1844 habens.
835 1756 1080 1846 Valvularum
1186 1769 1196 1778 ’

79 1877 276 1987 utriusque
297 1891 438 1960 arteriae
464 1886 619 1988 aggeres
635 1891 761 1988 magis·
776 1889 991 1978 exstabant,
1016 1892 1083 1964 sed

80 2031 301 2105 quanquam
309 2030 429 2105 prope
444 2006 850 2078 unamsemilunarium
865 2007 962 2080 ossei
979 2007 1086 2106 quid·

80 2126 181 2221 piam
192 2139 289 2212 erat,
308 2123 405 2194 nihil
425 2123 611 2219 ejusmodi
627 2124 665 2193 in
680 2123 757 2195 ulla
767 2123 912 2196 valvula
923 2147 1083 2221 usquam
1129 2157 1132 2164 ⁴

79 2238 219 2312 fuit.1n
242 2241 368 2338 aliqua
382 2265 426 2313 ex
439 2240 593 2312 valvulis
613 2263 696 2337 quae
708 2263 811 2333 venae
828 2263 923 2311 cava
936 2238 1082 2313 orificio

79 2359 354 2454 subjiciuntur,
382 2359 549 2454 itemque
562 2359 601 2426 iu
625 2357 765 2427 minori
793 2357 930 2436 mitrali
951 2382 1084 2454 quam⁴

79 2474 167 2546 dam
187 2473 325 2546 alieubi
341 2475 517 2546 duritiem
543 2473 820 2572 cartilagineam
847 2475 1085 2545 animaduer-

79 2594 207 2663 timus.
230 2593 318 2662 Nou
338 2591 488 2663 dilatata
514 2591 666 2662 inventa
684 2585 745 2663 'est
772 2592 907 2662 arteria
934 2591 1086 2688 pulmo·

81 2706 201 2792 naris,
218 2731 297 2778 non
310 2731 454 2804 magna.
470 2711 514 2777 In
534 2707 603 2778 hac
617 2711 745 2798 aute'nr
761 2707 808 2778 ad
820 2707 946 2778 iliacas
963 2731 1085 2805 usque

80 2824 263 2913 dissecta,
281 2837 318 2894 et
341 2823 507 2912 detersa,
530 2825 600 2898 etsi
618 2821 814 2895 albedines
841 2811 911 2894 issae
928 2824 1086 2922 quibus·

82 2941 170 3016 dam
194 2941 287 3013 locis
304 2964 383 3012 non
405 2939 581 3030 deerant,
601 2938 740 3010 indicia
762 2937 880 3012 futuri
906 2940 1014 3030 ossis;
1045 2966 1085 3012 re

81 3075 208 3131 tamen
239 3082 327 3131 vera
354 3059 450 3130 ossei
475 3057 571 3128 nihil
601 3055 692 3143 tuit,
726 3057 756 3129 si
782 3081 901 3128 uuum
925 3059 1086 3158 excipias

81 3177 229 3263 locum,
264 3199 428 3273 eumque
459 3175 595 3273 procul
630 3199 651 3245 a
682 3174 818 3264 corde,
850 3191 886 3246 et
913 3199 1083 3274 parrum.

81 3291 194 3384 Quod
212 3293 399 3390 reliquum
411 3307 489 3382 est,
508 3294 675 3362 urinaria
689 3293 832 3381 vesica,
846 3303 961 3390 quam
975 3297 1088 3366 simul

83 3434 171 3483 cum
188 3409 232 3481 iis
250 3407 297 3481 de
310 3409 448 3508 quibus
460 3408 604 3481 dictum
619 3421 698 3498 est,
722 3407 893 3506 partibus
904 3423 1086 3508 ante'sep·

83 3529 328 3625 tuagesimam
340 3551 361 3598 a
374 3542 497 3598 morte
514 3525 646 3597 horam
665 3527 885 3623 inspexi,ex
899 3525 1088 3598 sublivido

85 3646 207 3718 virere
216 3646 292 3742 jam
307 3659 486 3742 coeperat,
503 3643 568 3717 sed
588 3644 748 3715 exterius
765 3642 885 3714 solum
901 3697 911 3730 ,
930 3645 1088 3718 interius
1131 3653 1132 3658 ’

86 3763 190 3836 enim
218 3761 426 3836 secundum
448 3776 621 3833 naturam
644 3783 682 3832 se
713 3756 897 3846 habebat,
921 3773 964 3839 ut
980 3783 1024 3832 ex
1044 3784 1089 3830 eo

88 3905 242 3981 quoque
258 3903 463 3978 cognosces
483 3877 588 3976 quod
609 3901 696 3950 cum
715 3897 904 3973 exponere
921 3874 984 3948 hic
1001 3900 1091 3974 pau·

883 3991 946 4078 34*
993 3997 994 4000 ’
