2836 4648
289 469 364 542 68ὸ
435 489 504 537 -na
530 485 676 536 surmus
699 487 744 534 ar
768 485 894 536 causis
919 487 1128 538 momorum

290 631 360 705 per
389 604 569 701 injectum
604 599 799 672 vinculum
832 625 913 672 non
940 603 1061 674 multo
1082 597 1190 674 'inira
1220 628 1276 701 py-

287 727 414 800 lorum
438 721 661 807 constricto,
692 717 741 790 ad
755 720 988 792 sescunciam
1013 737 1279 819 repertumst,

285 857 325 914 at
345 839 497 914 nullum
514 838 555 908 in
576 837 741 933 reliquis.
759 836 969 926 intestinis,
993 838 1091 910 sient
1110 840 1138 910 ii
1157 838 1278 936 quibus

285 956 506 1068 inquirendi
522 979 612 1028 cura
625 953 711 1026 data
723 951 866 1043 fuerat,
884 956 1117 1031 retulerunt.
1133 957 1203 1028 Sed
1213 957 1279 1028 hac

285 1092 427 1176 postea.
447 1079 568 1173 Antea
584 1085 711 1144 autem
731 1095 818 1144 cum
836 1071 962 1170 pylori
980 1071 1111 1147 sedem
1135 1075 1278 1146 exterius

285 1188 580 1278 contrectando,
602 1187 781 1261 duritiem
799 1189 1075 1288 percepissem,
1103 1192 1279 1290 ventricu-

285 1313 366 1396 lum
378 1305 602 1408 aperiendo,
618 1305 1112 1404 pyloriannulumvideram
1124 1308 1165 1378 in
1182 1306 1279 1396 duas,

281 1444 403 1501 tresve
419 1450 499 1503 non
513 1445 667 1523 magnas
680 1422 864 1521 quidem,
879 1422 946 1502 sed
958 1422 1091 1514 duras,
1110 1425 1280 1523 protube-

284 1529 425 1618 rantias
437 1543 546 1642 quasi
563 1541 734 1614 divisum.
753 1546 863 1620 Dura,
871 1559 951 1616 erat
964 1544 1079 1614 etiam
1095 1544 1282 1616 ventriculi

285 1687 372 1764 pars
392 1662 528 1761 pyloro
551 1661 722 1760 proxima
739 1658 788 1732 ad
808 1660 970 1758 spatium
992 1659 1282 1768 bini·transrersi

285 1780 412 1879 digiti,
427 1776 672 1852 crassioribus
682 1775 850 1850 factisibi
866 1778 1021 1867 tunicis,
1037 1793 1074 1850 et
1090 1779 1142 1852 ad
1152 1803 1281 1852 osseam

283 1898 462 1970 duritiem
476 1893 760 1984 accedentibus,
771 1917 852 1966 non
870 1909 997 1968 tamen
1010 1920 1146 1968 revera
1162 1897 1281 1984 osseis,

220 2061 225 2070 ·
270 2040 500 2114 ¹nequeeam
514 2027 662 2114 partem
679 2014 976 2102 coarctantibus,
994 2014 1061 2088 sed
1074 2015 1281 2113 quodflexi·
1385 2059 1386 2062 =

280 2135 336 2207 les
349 2135 474 2206 minus
497 2148 637 2220 essent,
657 2132 834 2212 alimenta
850 2132 890 2204 in
911 2129 1135 2214 duodenum
1151 2135 1281 2207 intesti-
1385 2129 1386 2162 ³

280 2277 375 2329 num
394 2253 479 2326 satis
488 2230 717 2350 compellere
727 2275 807 2332 non
816 2250 1040 2326 valentibus.
1052 2252 1276 2336 Praeterbaec,

281 2371 447 2444 etlevem
461 2371 501 2441 in
511 2367 713 2452 ventriculi
725 2370 905 2442 interiore
923 2367 1018 2448 facie
1027 2371 1187 2444 livorem
1197 2425 1214 2464 ,Ι
1224 2370 1279 2468 qni

280 2489 328 2560 ab
346 2485 623 2568 induratisillis
639 2487 778 2562 tunicis
799 2486 847 2562 ad
866 2485 1024 2562 brevem
1043 2465 1213 2570 tractum,
1226 2511 1280 2560 ex·

276 2604 522 2694 tendebatur,
546 2604 696 2684 nullum
716 2604 829 2684 ,aliud
856 2606 990 2680 vitium
1014 2607 1055 2678 in
1081 2632 1129 2679 eo
1152 2605 1281 2680 viscere
1384 2687 1385 2696 ἵ

277 2721 535 2802 animadverti.
557 2705 691 2794 sanam
713 2737 839 2796 autem
868 2723 1032 2798 exterius
1050 2726 1230 2816 vesicam,
1248 2733 1281 2792 et
1384 2745 1385 2776 t

275 2839 359 2912 lotii
371 2864 450 2912 non
460 2839 624 2922 multum
643 2840 923 2931 continentem,
934 2863 1023 2913 cum
1039 2856 1153 2914 antea
1167 2825 1205 2914 in
1222 2863 1278 2912 sua

275 2955 363 3030 sede
378 2972 623 3054 spectassem,
643 2971 681 3078 et
689 2958 876 3030 nonnulla
889 2982 972 3058 quae
985 2957 1100 3055 hujus
1116 2959 1192 3032 loci
1200 2981 1276 3042 ¹non

273 3087 386 3162 suut,
414 3073 678 3164 adnotassem;
715 3075 862 3174 aperui,
889 3081 1097 3174 sanansque
1131 3076 1277 3150 interius

272 3191 414 3292 pariter
425 3194 616 3290 comperi,
634 3177 677 3264 ut
698 3217 883 3274 annexam
902 3193 1057 3292 quoque
1076 3193 1271 3269 urethram.

273 3309 348 3382 Sed
359 3307 680 3398 nullam-omnino
693 3309 740 3382 ad
760 3307 968 3400 orificium,
983 3310 1085 3396 unde
1098 3311 1179 3384 haec
1191 3311 1272 3384 inri-

271 3429 349 3526 pit,
366 3426 495 3500 ridere
520 3429 716 3527 potuimus
738 3427 1273 3527 subrotundamprotuberan·

269 3545 382 3632 tiam,
400 3543 440 3616 id
455 3559 511 3620 est
522 3543 696 3634 uvulam3
711 3544 880 3630 cumubi
890 3543 969 3618 hmo
983 3571 1063 3619 esse
1073 3547 1269 3650 debuisset,

271 3661 410 3750 lineola
421 3661 485 3734 illa
496 3660 810 3752 duntaxattenuis
820 3664 1269 3768 inconspectumveniret,

270 3803 372 3883 quae,
395 3779 452 3850 uti
468 3778 584 3870 solet,
616 3780 658 3852 in
677 3779 896 3854 seminalem
918 3783 1162 3858 carunculam
1181 3781 1268 3856 desi·

268 3895 395 3984 nebat.

315 4014 350 4086 6.
378 4017 605 4114 Quanquam
635 4015 725 4092 alias
743 4016 921 4092 incidisse
944 4041 1026 4124 non
1055 4017 1210 4094 memini
1229 4015 1263 4086 in
