2836 4648
125 513 235 562 mnu.
253 511 889 562 occursurisrnrrn.surrr.=rrrsr.
908 512 1034 560 rxvnr.
1059 488 1134 584 639

12 691 16 702 .
123 627 250 701 branae
266 626 529 699 excrescentia.
556 625 733 716 Qualem,
754 649 822 722 per
840 619 1049 700 Valsalvam
1065 626 1131 700 ab·

2 795 29 824 n
124 746 261 833 scissae,
285 727 543 843 pedunculum
561 743 653 814 alias
669 742 724 837 (1)
744 743 813 818 tibi
831 742 1030 842 descripsi,
1046 744 1132 816 talis

122 858 187 933 hic
205 859 295 950 fuit,
312 861 351 932 id
368 877 424 934 est
440 886 485 932 ex
502 859 634 936 eadem
652 886 734 959 quae
751 861 791 932 in
811 862 909 935 sanis
926 875 1130 949 est,1nem-

1 1023 15 1066 ,
120 977 249 1052 branae
267 979 429 1078 adiposae
446 995 633 1053 structura
655 994 692 1052 et
711 979 941 1068 substantia,
961 981 1069 1078 quasi
1089 979 1130 1057 in

10 1141 17 1165 2
122 1097 314 1194 cylindros
336 1098 486 1196 aliquot
510 1111 722 1186 contracta,
741 1099 842 1170 intra
868 1097 1130 1196 pedunculum

2 1263 10 1297 ,-
121 1213 403 1304 descendente,
415 1241 460 1288 ex
479 1215 553 1288 hoc
569 1239 661 1290 vero
684 1215 783 1288 intra
800 1231 990 1294 tumorem
1008 1216 1132 1288 conti-

2 1387 19 1430 „
121 1348 259 1420 nuato,
279 1333 443 1406 subssava
457 1389 466 1423 ,
482 1332 606 1423 molli,
620 1349 826 1421 unctuosa,
845 1349 1034 1407 tumorem
1054 1333 1134 1427 uni·

3 1501 19 1532 ,
119 1475 290 1535 versum,
312 1468 349 1524 et
362 1452 425 1522 illa
442 1454 522 1550 ipsa
540 1453 703 1524 exterius
715 1451 1000 1549 protuberantia
1015 1477 1130 1550 parva

2 1625 19 1670 ἢ
120 1565 385 1666 hemisphaeria
407 1565 604 1640 efficiente.
633 1573 760 1642 Partes
790 1595 835 1640 ex
863 1569 1003 1668 quibus
1026 1595 1130 1642 com·

118 1687 368 1784 pingebatur,
389 1713 468 1760 nou
486 1687 608 1764 solum
629 1689 725 1777 cuti,
752 1690 1013 1760 verumetiam
1031 1689 1131 1762 inter

120 1827 162 1878 sc
178 1807 332 1903 passim,
350 1806 519 1880 tenacius
536 1804 800 1894 adhaerebant3
819 1821 862 1878 ut
873 1831 944 1904 per·
957 1805 1056 1880 solos
1074 1807 1132 1878 di·

6 1987 20 2026 a
120 1923 220 2020 gitos
245 1947 333 2022 pars
357 1939 499 2023 aparte
520 1924 668 2022 sejungi
687 1949 767 1995 non
785 1939 932 2024 posset;
953 1923 1055 1996 nulla
1075 1939 1130 1996 tu·

124 2065 214 2114 men
234 2065 390 2139 prorsus
405 2057 539 2140 praeter
550 2046 895 2114 cutemerattunica
907 2057 1079 2138 ,quae,ut
1090 2039 1129 2114 in

122 2158 272 2252 cysticis
287 2158 458 2232 videmus
479 2155 709 2244 tumoribus,
734 2159 838 2234 hunc
858 2157 1131 2257 complectere-

2 2254 20 2379 :
121 2289 209 2351 tur:
231 2299 302 2347 nec
316 2277 410 2349 cutis
421 2278 520 2374 ipsa,
538 2301 755 2375 quanquam
770 2293 848 2350 erat
864 2276 1129 2363 crassiuscula,

121 2393 164 2464 in
183 2391 275 2470 duas
294 2409 442 2492 poterat
473 2393 589 2466 dividi
611 2396 779 2471 laminas.
810 2397 896 2468 Curi
924 2409 1050 2466 autem
1068 2392 1130 2464 hic

3 2504 20 2600 J
108 2509 199 2586 tllie
211 2510 388 2588 suberant
399 2514 621 2610 ,praesertim
634 2515 828 2612 superiora
840 2536 988 2597 versus,
1003 2513 1131 2584 tenuia

122 2628 274 2700 vascula
291 2629 511 2728 sanguilera.

171 2767 206 2842 9.
222 2748 329 2816 Parvi
337 2748 493 2848 quidem
503 2748 543 2822 hi
556 2773 654 2847 quos
665 2749 944 2847 persecuntur,
961 2763 1130 2822 tumores

2 2872 16 2947 ft,
121 2857 294 2950 fuerunt,
312 2866 343 2938 si
365 2889 451 2938 cum
474 2865 780 2968 grandibusillis
801 2889 1016 2964 compares,
1034 2890 1132 2962 quo-

6 2963 18 3093 'r
120 3004 209 3055 rum
219 2981 307 3056 alias
319 2982 374 3080 (α)
391 2983 826 3082 exemplaindicavimus
839 2981 1000 3057 videnda
1013 3037 1023 3071 ,
1038 3007 1130 3081 prar-

8 3100 11 3112 '
119 3102 249 3180 sertim
271 3101 372 3200 apud
391 3095 611 3189 Fulfinium,
627 3117 697 3176 aut
714 3125 800 3177 cum
824 3102 904 3176 aliis
923 3101 1034 3174 etiam
1051 3125 1129 3174 me-

116 3214 289 3314 joribus,
326 3243 424 3318 quos
460 3219 507 3292 ad
545 3243 610 3292 eos
646 3219 876 3296 addiderunt
915 3233 1133 3318 praestanter

4 3309 15 3354 ’ζ’
119 3332 192 3404 viri
210 3335 265 3430 (3)
284 3335 413 3434 pondo
434 3336 618 3410 librarum
634 3338 844 3434 sexaginta,
861 3352 925 3411 aut
952 3338 1125 3433 amplius.

4 3435 12 3565 ἶ
119 3450 193 3525 Sed
210 3469 298 3528 curn
312 3454 451 3526 similes
467 3479 599 3528 eornm
616 3471 844 3548 censeantur
853 3456 920 3552 qui
931 3455 1078 3550 cystici,
1090 3468 1129 3524 et

4 3549 11 3594 l
119 3570 363 3666 peculiariter
387 3577 505 3645 Natta
530 3571 735 3658 dicuntur;
767 3573 835 3642 etsi
856 3569 1129 3668 pinguedinem

4 3667 11 3740 l

161 3851 206 3932 (ι)
225 3855 320 3930 Epist.
335 3852 391 3924 fio,
406 3871 437 3909 n.
453 3853 500 3910 23.

85 3949 423 4030 ,mmmm

162 4050 205 4134 (3)
226 4051 575 4114 montanearum.
592 4053 664 4118 edit.
677 4051 754 4129 part·
771 4050 805 4126 5,
822 4072 846 4110 c.
860 4060 888 4122 l..
