2746 4662
287 383 362 470 366
456 409 504 456 na
529 409 676 458 seorsus
701 411 746 460 ar
771 409 897 458 causis
922 409 1135 460 noseorum
1353 343 1356 382 Ἰ

290 522 370 624 qui,
388 521 462 595 hoc
479 522 658 620 jubente,
679 521 851 594 libellum
877 522 924 596 de
943 523 1110 622 podagra
1130 525 1299 622 scripsit,
1355 561 1356 574 κ

289 657 470 738 tanquam
488 643 813 724 theertc'auetoris‚
832 667 904 714 nec
922 665 1094 717 seorsum
1112 668 1132 714 a
1151 642 1299 740 magnis

290 757 548 830 voluminibus
577 756 807 856 parabilem,
832 761 1017 832 Patavinis
1048 763 1149 858 typis
1171 775 1301 832 nostra

291 877 475 948 memoria
498 885 698 973 excusum,
730 876 907 973 quando,
938 891 981 948 ut
1012 877 1060 949 de
1086 881 1300 976 antiquiore

260 1053 263 1058 ,
291 994 458 1067 editione
487 993 636 1079 sileam,
674 995 831 1066 Lutetiae
867 995 1109 1066 Parisiorum·
1131 1001 1302 1068 seorsum

294 1113 433 1184 exierat
458 1136 559 1182 anno
590 1112 701 1199 1558,
736 1135 807 1184 nec
829 1113 909 1185 sine
930 1114 1011 1184 veri
1042 1114 1213 1187 auctoris
1238 1139 1301 1184 no·

291 1231 417 1316 mine,
436 1229 758 1327 quemadmodum
779 1245 815 1302 ct
834 1229 1040 1318 Audomari
1058 1253 1161 1302 anno
1183 1231 1301 1328 1619,

289 1347 428 1420 edente
454 1353 599 1420 Joanne
628 1349 823 1447 Bergesi0,
848 1350 916 1445 qui
935 1348 1057 1436 haud,
1079 1365 1198 1447 puto,
1217 1373 1299 1420 eum

294 1465 365 1538 sibi
380 1466 549 1537 laborem
563 1468 801 1564 sumpsisset,
816 1481 857 1537 ut
874 1491 893 1538 e
912 1467 1044 1566 gallica
1060 1469 1201 1538 Jamoti
1220 1491 1299 1538 ver-

294 1583 400 1655 sione
418 1584 575 1654 latinum
596 1581 753 1671 faceret,
775 1585 805 1654 si
823 1605 940 1680 graece
963 1599 1000 1655 et
1016 1583 1130 1656 latine
1146 1585 1301 1656 Lutetia

295 1701 503 1800 prodiisse,
521 1703 789 1800 eleganterque
810 1725 829 1772 a
856 1704 985 1772 Marco
1006 1705 1163 1774 Musuro
1190 1703 1300 1772 latine

294 1818 505 1908 redditum,
524 1846 603 1891 non
627 1821 843 1918 ignorasset.
872 1823 968 1890 Eum
997 1821 1110 1916 igitur
1129 1819 1300 1891 libellum

295 1938 327 2010 si
344 1937 404 2009 vel
423 1935 642 2010 festinanter
660 1962 811 2025 verses;
839 1953 1024 2034 quantum
1043 1938 1084 2007 in
1103 1935 1299 2009 arthritide

297 2071 334 2130 et
345 2055 533 2143 sananda,
556 2071 593 2127 et
609 2053 771 2126 arcenda
788 2057 1004 2152 purgationi
1021 2055 1199 2128 tribuerit
1220 2079 1300 2153 grae·

298 2197 365 2245 ons
381 2172 597 2259 Archiater,
616 2176 766 2243 Groecos
795 2171 880 2244 illos
898 2187 1044 2244 veteres
1064 2172 1237 2245 medicos
1253 2197 1302 2244 se·

300 2303 432 2377 cutus,
450 2290 634 2361 continuo
651 2276 848 2387 intelliges.
860 2290 931 2362 Sed
950 2315 997 2360 ne
1012 2287 1108 2362 forte
1119 2305 1234 2388 putes
1246 2345 1256 2378 ,
1268 2292 1302 2359 in

298 2419 399 2480 terra
421 2405 600 2478 duntaxat
624 2411 752 2480 Graeca
769 2405 809 2477 id
831 2403 990 2480 feliciter
1008 2408 1183 2496 cessisse,
1203 2407 1303 2478 mihi·

303 2549 378 2623 que
415 2525 570 2622 objicias
607 2527 734 2624 magni
769 2541 900 2598 nostro
935 2541 1107 2624 tempore
1142 2525 1304 2598 nominis

298 2643 511 2733 medicum,
539 2657 814 2718 asseverantem
843 2643 1042 2715 catharsim
1071 2665 1230 2716 omnem
1249 2638 1301 2713 vel

295 2786 368 2860 per
385 2762 581 2851 lenientiu,
599 2761 740 2834 nedum
759 2787 827 2861 per
846 2761 1025 2833 validiora
1051 2761 1301 2834 medicamen-

300 2893 358 2965 ta,
379 2880 582 2951 arthriticis
605 2880 811 2976 plurimum
839 2903 1000 2966 nocere,
1026 2879 1103 2950 sive
1130 2876 1301 2978 praesenti

299 2995 462 3084 mederi,
484 2999 560 3068 sive
581 2998 691 3067 etiam
707 3011 868 3068 venturo
886 3020 1113 3094 paroxysmo
1130 2998 1226 3072 velis
1242 3017 1300 3067 oc·

303 3139 479 3202 currere,
499 3115 617 3184 immo
650 3137 714 3203 se,
748 3118 880 3185 tamin
913 3139 951 3187 se
982 3116 1089 3213 ipso,
1121 3137 1237 3211 quam
1267 3115 1301 3182 in

302 3232 382 3304 aliis
406 3229 503 3303 facto
525 3233 715 3330 periculo,
743 3249 980 3332 compertum
1012 3231 1176 3320 habere,
1203 3233 1300 3306 illam

301 3374 434 3448 parum
453 3348 547 3420 adeo
562 3352 660 3422 votis
684 3351 945 3450 respondisse,
965 3367 1008 3421 ut
1024 3350 1183 3436 rnalum,
1203 3343 1303 3448 quod

301 3466 484 3540 debuerat
498 3473 774 3561 {averruncare
805 3481 919 3565 atque
937 3483 1118 3554 avertere,
1149 3489 1303 3540 accerse·

302 3599 380 3673 τοῖς
396 3609 444 3655 ne
462 3585 576 3683 igitur
594 3584 671 3656 haee
688 3584 782 3655 mihi
798 3584 967 3681 objicias,
987 3585 1083 3656 duos
1100 3610 1144 3656 ex
1161 3601 1300 3658 nostra·

301 3700 402 3773 tibus
414 3704 616 3799 praeclaros
625 3755 636 3788 ,
656 3725 741 3772 cum
757 3705 945 3788 viverent,
959 3700 1133 3773 medicos
1153 3702 1222 3774 tibi
1239 3726 1301 3800 op·

300 3843 463 3919 ponam,
484 3821 585 3918 ipsos
605 3843 761 3916 quoque
779 3818 1019 3907 arthriticus,
1042 3821 1141 3890 etin
1160 3845 1199 3892 se
1218 3819 1300 3920 ipsis

295 3937 567 4044 purgationem
593 3949 788 4035 expertos,
812 3941 984 4010 Marcum
1015 3938 1246 4010 Gatinariam
1269 3947 1300 4008 et
1355 3963 1356 4024 i
