2782 4652
33 608 53 640 tx

297 410 368 507 468
452 435 509 486 ‘nu
534 435 681 491 sumnus
703 439 748 486 nr
772 437 896 488 oensis
921 435 1131 492 nonnosum

294 551 495 642 dendum,
522 551 722 627 censuisse.
755 555 832 625 Nec
862 551 964 626 aliud
1000 579 1061 628 me
1095 557 1290 632 consilium

291 670 504 772 permovit,
524 683 567 742 ut
586 691 672 740 cnm
695 668 743 741 de
763 668 939 744 cerebelli
959 673 1183 757 vulneribus
1205 679 1294 748 sori·

289 787 458 862 bendum
469 783 539 860 fuit
556 787 628 884 (1),
648 810 692 859 ea
707 811 755 860 ne
769 790 1092 886 praetermitterem
1106 817 1193 890 quae
1204 808 1290 866 tunc

289 905 428 1006 legisti,
447 919 492 976 ut
508 926 633 1000 neque
662 927 705 975 ea
732 927 816 1000 quae
849 903 897 978 ad
925 905 1097 981 laesiones
1126 909 1292 1005 ejusdem

287 1023 470 1110 attinent,
487 1044 568 1118 qua
580 1043 660 1092 non
673 1020 792 1108 illico,
803 1021 1030 1112 utvulnera,
1043 1023 1110 1098 sed
1123 1039 1292 1124 temporo

288 1140 514 1226 autminus,
539 1153 604 1210 aut
632 1139 750 1236 magis
778 1138 893 1237 longo
916 1137 1015 1213 fiunt
1043 1139 1121 1239 (n),
1152 1159 1197 1216 ut
1220 1169 1292 1240 pra

286 1260 428 1332 oaeteris
439 1253 589 1328 skirrhi.
605 1257 695 1347 Quae
710 1281 797 1330 oum
814 1259 980 1355 relegere
992 1262 1128 1358 possis,
1140 1285 1222 1332 non
1235 1261 1294 1333 hio

286 1374 444 1448 iterabo.
474 1372 562 1448 Noli
599 1387 723 1446 autem
757 1388 890 1472 putare
913 1399 999 1446 cum
1030 1378 1071 1448 in
1103 1377 1293 1452 cerebello

284 1492 417 1567 virtum
441 1491 516 1562 hoc
538 1505 685 1562 tantum
702 1487 845 1564 offendi
870 1491 974 1589 quod
993 1491 1067 1564 tibi
1093 1509 1291 1583 accurate,

282 1610 526 1710 ingenueque
544 1609 767 1708 perscripsi,
796 1633 953 1680 menon
974 1611 1100 1682 minus
1119 1636 1238 1709 quam
1258 1627 1292 1686 te

280 1728 324 1798 in
342 1726 589 1826 perlegendo,
608 1723 720 1798 fuisse
744 1726 943 1815 miratum,
971 1726 1139 1801 hominis
1163 1745 1291 1806 tamen

281 1844 591 1943 respirationem,
614 1856 651 1914 et
667 1842 799 1940 pulsus
815 1843 886 1932 ita,
910 1857 954 1916 ut
973 1842 1178 1943 diligenter
1195 1873 1292 1945 qua·
1383 1915 1384 1938 ,

281 1959 404 2036 rendo
414 1961 604 2061 comperi,
624 1957 857 2032 sehabuisse.
870 1963 980 2032 Certe
994 1963 1096 2034 enim
1105 1962 1291 2060 plusvante
1380 1996 1383 2005 ·

280 2079 359 2152 haec
378 2081 582 2152 novissima
598 2091 769 2174 tempora
786 2077 821 2150 ei
836 2077 970 2150 visceri
989 2077 1179 2154 tributum
1208 2105 1285 2156 esse

281 2197 480 2300 perspexi,
497 2217 610 2294 quam
626 2195 866 2281 conveniret,
893 2191 1182 2296 laudandosque
1208 2198 1290 2273 illos

282 2315 362 2386 esse
388 2313 558 2411 egregios
582 2312 707 2401 viros,
738 2313 804 2410 qui
832 2335 911 2384 non
939 2309 1086 2417 talentum
1106 2337 1188 2392 esse
1223 2317 1291 2415 ipsi

281 2429 543 2518 tribuendum,
560 2444 804 2522 monuerunt.
823 2432 950 2504 Minus
962 2429 1136 2528 quidem,
1149 2447 1195 2504 ut
1213 2434 1291 2506 aliis
1381 2465 1386 2505 r

281 2547 511 2653 quibusdam
534 2549 707 2646 corporis
731 2546 903 2646 partibus
925 2546 996 2620 alia
1023 2549 1064 2620 in
1086 2573 1153 2638 re,
1180 2551 1234 2624 ita
1253 2553 1289 2623 in
1385 2553 1386 2558 ’

231 2729 235 2735 .
280 2667 326 2738 iis
353 2691 436 2765 quae
464 2663 563 2762 dicta
595 2679 698 2750 sunt,
722 2664 910 2742 cerebello
939 2660 1192 2738 deferendum
1213 2693 1289 2742 esse

281 2798 459 2882 apparet,
491 2807 611 2882 quam
641 2783 829 2880 superiori
859 2796 1041 2881 tempore.
1067 2781 1289 2858 Videndum

263 2913 407 2998 ‘tamen
419 2915 624 3000 quatenus:
642 2900 757 2997 idque
779 2913 874 2997 puto
894 2898 1028 2983 melius
1057 2923 1177 2997 quam
1202 2928 1288 2994 nos,
1381 2929 1385 3015 ss

279 3033 451 3117 posteros
463 3042 543 3092 esse
560 3019 841 3102 constituturos.
860 3015 964 3106 Vale.
1042 3077 1045 3081 .

320 3293 480 3418 (1)'Epist.
497 3338 552 3413 52,
568 3317 599 3398 ni
615 3360 662 3419 27·

322 3441 367 3522 (a)
387 3442 483 3516 thid„
497 3462 529 3500 n.
546 3439 594 3500 26.
