2824 4652
324 415 396 490 560
489 435 536 486 ιι
561 428 708 488 seorsus
731 433 778 517 nr
801 429 925 486 estus
949 426 1159 486 uouonnn

319 549 399 644 ret,
418 564 612 624 mortuum
630 570 712 622 esse
728 541 863 620 foetum
879 547 1009 646 quoad
1023 549 1136 637 vixit,
1153 551 1247 622 vixit
1265 575 1326 654 an·

319 685 397 746 tem
414 683 490 742 tres
504 681 722 750 annoscum
737 663 918 772 dimidio,
936 689 1016 738 non
1034 665 1256 758 dubitabat,
1272 684 1325 742 tn·

212 779 213 784 ¹
319 811 426 862 more
446 786 587 858 ventris
603 781 758 856 duriore
770 779 943 880 quidem,
969 781 1037 858 sed
1056 785 1229 882 primum
1251 811 1325 859 non

300 886 416 988 'adeo
436 901 670 1004 ponderoso,
695 913 969 1000 permanente,
986 899 1125 975 deinde
1152 926 1249 975 vero
1267 905 1326 976 rni-

320 1046 407 1097 rum
429 1022 469 1092 in
491 1017 650 1092 modum
666 1031 805 1106 aucto,
822 1035 862 1090 et
880 1016 1054 1092 molesto.
1082 1020 1184 1091 Huic
1219 1022 1325 1119 igittn

323 1163 409 1212 curn
427 1137 590 1216 maxima
608 1133 832 1208 fetidissima}
850 1157 956 1233 aquae
972 1135 1082 1234 copia
1085 1118 1327 1235 praegrandis

312 1273 451 1348 ,tumor
464 1255 604 1340 inerat
616 1273 696 1322 non
715 1249 763 1324 ad
772 1265 943 1340 uterum
962 1253 1130 1382 quemin
1153 1255 1325 1366 vaginarn

321 1396 391 1446 suo
407 1367 578 1500 pondere
597 1364 832 1456 detruserat,
850 1366 917 1440 sed
936 1369 1095 1440 omnino
1119 1368 1172 1440 ad
1202 1369 1325 1444 dexte·

318 1511 405 1562 rum
430 1485 599 1567 orarum
615 1485 794 1573 attinens,
812 1483 940 1582 quod
930 1509 970 1555 ιιι
987 1485 1177 1560 rotundas
1196 1509 1324 1586 capsu-
1402 1477 1403 1482 ¹

320 1605 374 1678 las
394 1617 515 1676 totum
530 1599 692 1690 abierat,
706 1597 869 1690 viscido,
883 1625 928 1674 ac
943 1603 1154 1702 purulento
1177 1603 1323 1703 liquore

321 1721 502 1822 oppletas.
528 1717 601 1790 Sed
623 1717 881 1830 longissime
861 1733 1052 1792 minorem
1066 1717 1179 1793 bunc
1200 1737 1322 1824 tumor

320 1854 470 1938 superat
485 1838 525 1908 in
546 1835 592 1908 cl
619 1835 764 1908 Nicolai
778 1811 881 1906 Willi
910 1835 1241 1938 dissertatione(
1247 1839 1324 1936 )le·

320 1955 475 2056 gendus.
504 1952 599 2026 Cum
617 1952 723 2025 enim
737 1950 902 2024 invidua
923 1954 1063 2027 sensim
1079 1969 1235 2030 tumere
1252 1983 1323 2030 coe·
1402 2033 1403 2038 ,

318 2074 435 2173 pisset
467 2069 674 2159 abdomen,
708 2067 853 2142 viribus
878 2070 1047 2161 interea,
1084 2087 1124 2144 et
1154 2077 1321 2174 appetitu

317 2189 491 2287 integris,
508 2187 678 2286 corporis
693 2184 827 2260 babitu
836 2209 916 2260 non
924 2183 1163 2278 cacbectico,
1181 2207 1220 2265 et
1235 2193 1320 2266 lotio

318 2303 529 2380 secundum
553 2289 725 2376 naturam
743 2301 909 2393 fluente,
932 2305 1103 2404 quinque
1132 2331 1319 2382 annorum
1401 2305 1402 2350 ³

317 2424 439 2523 spatio
456 2423 638 2518 majorem
658 2421 699 2494 in
720 2420 862 2496 molem
882 2423 1066 2513 accrevit,
1097 2423 1319 2524 inequalem

316 2557 467 2630 tamen,
485 2563 574 2610 nam
593 2562 614 2609 a
631 2537 771 2616 dextris
783 2537 901 2638 magis
917 2538 1183 2638 prominebat,
1200 2567 1318 2642 neque

241 2755 243 2760 ,
319 2683 406 2732 cum
414 2659 453 2729 in
461 2655 612 2747 lectode
620 2654 735 2729 latere
745 2657 783 2727 in
791 2655 886 2756 latus
895 2661 1317 2751 converteretunullun

316 2775 733 2858 fluctuationissensum
743 2770 913 2846 faciebat.
930 2774 1032 2865 Quin
1046 2797 1134 2846 oum
1147 2775 1318 2850 intraan·
1400 2831 1401 2840 ι

315 2879 539 2992 nosaliquot
548 2892 703 2982 sicesset
712 2892 976 2977 auctum,utin
987 2906 1181 2988 perpetuo
1193 2917 1318 2994 corpo

314 3013 368 3084 ris
378 3010 491 3109 paulo
505 3007 637 3080 altiore
649 3005 829 3100 decubitu
847 3005 894 3078 ad
907 3005 1100 3106 spithamoe
1113 3008 1317 3110 longitndi·
1399 3071 1400 3076 ,

315 3151 405 3199 nem
419 3121 516 3199 infra
533 3147 674 3223 genna,
694 3117 921 3223 procerioris
938 3123 1107 3224 alioquin
1132 3128 1316 3216 mulieris,
1397 3129 1398 3136 ’

308 3240 592 3344 propenderet,
608 3265 680 3316 nec
695 3227 812 3340 pedes
830 3256 936 3314 erant
947 3241 1103 3338 tumidi,
1118 3267 1195 3316 nec
1212 3244 1316 3320 facies

312 3353 474 3434 multum
489 3355 936 3456 decolor,necnppetitus
944 3356 1128 3455 dejectus,
1140 3385 1214 3434 nec
1224 3364 1314 3456 sitis,
1397 3383 1398 3390 ’

312 3478 386 3559 nisi
395 3474 587 3548 matutinis
596 3472 718 3562 boris,
736 3490 773 3546 et
787 3475 846 3547 vel
859 3475 1072 3574 transieris,
1085 3501 1159 3550 nec
1176 3475 1314 3552 febrilis
1398 3509 1399 3576 ι

312 3595 460 3696 pulsus;
478 3615 634 3666 somnus
649 3606 773 3670 autern
792 3608 957 3691 pacatus.
982 3593 1055 3666 Sed
1070 3593 1213 3666 morbo
1231 3594 1311 3666 dein

310 3712 358 3786 ad
369 3710 640 3786 duodecimum
654 3731 774 3806 usque
784 3731 928 3784 annum
939 3712 1183 3812 persistente,
1197 3711 1310 3784 abdo-
1398 3717 1399 3756 ³

349 3985 394 4066 (ι)
415 3985 537 4046 ninen.
553 3982 697 4060 inscripta
707 3983 872 4072 stupendus
881 3984 1001 4048 odon
1014 3993 1125 4086 mmor).
1138 4001 1170 4041 n.
1183 3982 1213 4042 5.
