2782 4652
304 437 378 527 454
472 465 518 510 ur
545 461 691 514 scurrus
717 437 910 517 rr'eltusrs
935 453 1145 516 unisonum

301 573 414 648 uiam.
439 579 529 672 Quoe
553 581 679 650 omnia
695 582 865 676 proxima
892 581 1047 679 quoque
1063 573 1299 653 confirmabit

303 691 469 766 historia.
572 727 575 734 ·
752 699 757 706 “

351 835 385 908 9.
414 815 566 886 Femina
595 813 673 909 jam
703 833 813 903 cana,
840 813 980 888 ibidem
1004 817 1104 888 circa
1137 811 1300 886 medium
1372 811 1373 864 l

303 927 543 1003 decembrem
554 932 644 1002 anni
665 927 953 1028 1756exeodem
968 932 1104 1007 morbo
1113 934 1215 1002 intra
1224 953 1303 1027 pau·

302 1069 363 1118 cas
383 1045 496 1122 homs
514 1063 664 1121 mortua
684 1063 784 1137 erat,
806 1050 968 1148 paralysi
994 1051 1034 1123 iu
1053 1046 1224 1120 dexteris
1247 1069 1299 1116 ar·

301 1163 417 1236 tubus
435 1163 621 1238 adnotata.
633 1163 838 1238 cerebrum
852 1169 891 1238 in
909 1169 974 1240 suu
994 1165 1081 1240 sede
1094 1167 1300 1249 incisurus,
1374 1213 1375 1248 ,

302 1280 366 1365 iis,
383 1281 450 1378 qni
473 1297 559 1380 post
590 1307 688 1354 ame
706 1281 873 1356 habitam
889 1282 942 1356 de
951 1285 1139 1356 universis
1162 1280 1303 1356 ossibus
1375 1318 1376 1412 p

302 1399 606 1471 exercitationem
617 1399 745 1497 plures
753 1397 1303 1490 substiterent,studiosioribus
1375 1421 1376 1442 ³

302 1507 625 1603 adolescentibus,
651 1541 735 1589 cum
767 1515 868 1590 idem
901 1517 1008 1618 quod
1034 1518 1087 1590 in·
1110 1497 1304 1616 superiore
1376 1516 1377 1580 l

302 1631 459 1706 muliere
475 1631 741 1732 praedixissem,
757 1649 837 1706 tuin
848 1636 1303 1733 crassaineningeamota,

301 1773 385 1818 visa
402 1765 645 1844 pertenuem
666 1751 916 1826 discurrentia
932 1753 1103 1852 pleniora
1124 1751 1302 1848 sanguine

302 1889 324 1935 u
359 1867 518 1952 sinistris
551 1867 729 1963 'pstendi,
764 1865 833 1941 ubi
865 1885 904 1942 et
933 1869 1129 1968 quidpiam
1159 1866 1236 1939 sub
1266 1888 1303 1936 ea
1378 1912 1379 1950 ,

300 1983 506 2083 apparebat
518 1985 623 2083 quasi
628 1985 806 2084 gelatr'nae
815 1985 1095 2059 simileDeinde
1105 1983 1303 2056 cerebrum

301 2121 450 2192 secans,
476 2103 585 2200 cujus
611 2118 694 2176 erat
722 2102 928 2177 substantia
958 2103 1092 2189 firma,
1128 2099 1302 2174 cerebelli
1379 2110 1380 2148 l

299 2234 422 2290 autem
438 2220 671 2311 mollissima,
691 2245 778 2292 cum
796 2244 953 2319 paucam
965 2245 1099 2319 aquam
1119 2222 1160 2291 in
1176 2220 1303 2290 latera·
1380 2308 1381 2334 χ

298 2334 400 2409 libus
426 2337 642 2430 ventriculis
668 2313 965 2437 conspexissem,
995 2337 1091 2410 nihil
1109 2353 1237 2410 autem
1266 2339 1302 2404 in
1380 2343 1381 2372 ¹

297 2452 562 2553 hemispherio
577 2454 747 2546 dextero,
758 2462 799 2527 ut
817 2479 942 2555 neque
961 2456 1038 2528 ullu
1051 2455 1124 2526 alia
1134 2455 1178 2526 in
1196 2467 1299 2552 parte

297 2595 343 2649 ex
371 2571 430 2644 his
454 2597 535 2670 quie
563 2572 720 2645 calvaria
750 2576 1022 2663 continentur,
1057 2569 1299 2644 offendissem

297 2690 402 2786 quod
420 2689 468 2762 ab
497 2705 639 2762 naturae
658 2715 792 2764 norma
812 2677 1032 2778 recederet3
1058 2691 1214 2764 sinistro
1237 2685 1299 2758 he-

295 2808 514 2907 misphaerio
528 2801 600 2880 alle
614 2808 823 2882 secundum
835 2808 1110 2908 longitudinem
1119 2805 1297 2888 dissecto,

295 2927 466 3022 nigrum,
484 2942 779 3025 concretumque
801 2928 1021 3032 sanguinein
1040 2925 1087 2996 ad
1111 2921 1233 3010 duas,
1258 2937 1298 3006 ut

295 3042 474 3116 omnibus
493 3045 612 3114 visum
633 3060 706 3133 est,
734 3047 864 3118 uncias
882 3042 1128 3143 deprehendi.
1147 3037 1239 3114 Erat
1255 3040 1298 3110 iis

294 3148 450 3234 adlatus
466 3161 583 3252 striati
593 3164 781 3261 corporis,
795 3141 832 3236 ei
846 3145 917 3261 suli
930 3162 1004 3236 hoc
1018 3165 1104 3261 ipso
1116 3161 1217 3232 intra
1229 3183 1298 3230 me

292 3280 477 3352 dullnrem
497 3275 743 3354 substantium
757 3279 921 3354 effusus:
933 3275 1054 3380 ‘quum
1066 3266 1145 3352 'etsi
1158 3278 1296 3358 lacera:

292 3411 415 3484 verat,
441 3397 583 3470 nullam
608 3413 738 3473 tamen
759 3399 830 3473 sihi
852 3391 1070 3471 viam-inde
1097 3408 1296 3496 aperuerat

290 3539 361 3616 per
388 3539 501 3614 quam
521 3515 562 3588 iu
590 3517 806 3614 proximum
828 3515 1081 3590 ventriculum
1103 3527 1169 3585 aut
1196 3527 1295 3584 extra

290 3633 489 3708 cerebrum
501 3635 725 3732 perveniret.
736 3634 1046 3731 Nihilpraeterea,
1059 3629 1293 3732 quippeeliis

288 3770 515 3852 occupatus,
532 3753 571 3822 in
591 3751 664 3822 hoc
675 3749 854 3824 cadavere
867 3746 1040 3824 disserui.

350 3896 403 3940 ro.
435 3875 622 3941 Hactenus
658 3869 880 3968 scripseram
914 3867 1079 3940 calendis
1114 3864 1292 3963 januariis

287 3989 375 4058 anni
398 3985 505 4085 1758,
530 4012 615 4058 cum
636 3985 833 4084 postridie,
855 4002 896 4058 ut
917 3988 1150 4084 interruptus
1165 3998 1292 4056 anato-
