<?xml version="1.0" encoding="UTF-8"?>
<!DOCTYPE html PUBLIC "-//W3C//DTD XHTML 1.0 Transitional//EN"
    "http://www.w3.org/TR/xhtml1/DTD/xhtml1-transitional.dtd">
<html xmlns="http://www.w3.org/1999/xhtml" xml:lang="en" lang="en">
 <head>
  <title>
</title>
<meta http-equiv="Content-Type" content="text/html;charset=utf-8" />
  <meta name='ocr-system' content='tesseract 3.04.00' />
  <meta name='ocr-capabilities' content='ocr_page ocr_carea ocr_par ocr_line ocrx_word'/>
</head>
<body>
  <div class='ocr_page' id='page_1' title='image "./desedibusetcaus02adelgoog_0308.png"; bbox 0 0 2732 4654; ppageno 0'>
   <div class='ocr_carea' id='block_1_1' title="bbox 52 466 1046 558">
    <p class='ocr_par' dir='ltr' id='par_1_1' title="bbox 52 466 1046 558">
     <span class='ocr_line' id='line_1_1' title="bbox 52 466 1046 558; baseline -0.001 -16"><span class='ocrx_word' id='word_1_1' title='bbox 52 466 62 519; x_wconf 48' lang='lat'><strong>¹¹</strong></span> <span class='ocrx_word' id='word_1_2' title='bbox 93 494 159 542; x_wconf 80' lang='lat' dir='ltr'><strong>nn.</strong></span> <span class='ocrx_word' id='word_1_3' title='bbox 174 493 224 542; x_wconf 81' lang='lat' dir='ltr'><strong>iv.</strong></span> <span class='ocrx_word' id='word_1_4' title='bbox 243 491 435 542; x_wconf 80' lang='lat' dir='ltr'><strong>onnoanrs</strong></span> <span class='ocrx_word' id='word_1_5' title='bbox 450 491 647 558; x_wconf 58' lang='lat' dir='ltr'><strong>caraune„</strong></span> <span class='ocrx_word' id='word_1_6' title='bbox 661 483 730 540; x_wconf 89' lang='lat' dir='ltr'><strong>etc.</strong></span> <span class='ocrx_word' id='word_1_7' title='bbox 746 492 858 541; x_wconf 78' lang='lat' dir='ltr'><strong>nrrsr.</strong></span> <span class='ocrx_word' id='word_1_8' title='bbox 875 493 945 541; x_wconf 79' lang='lat' dir='ltr'><strong>nix.</strong></span> <span class='ocrx_word' id='word_1_9' title='bbox 975 468 1046 542; x_wconf 79' lang='lat'><strong>313</strong></span> 
     </span>
    </p>
   </div>
   <div class='ocr_carea' id='block_1_2' title="bbox 41 605 1149 3642">
    <p class='ocr_par' dir='ltr' id='par_1_2' title="bbox 41 605 1149 2464">
     <span class='ocr_line' id='line_1_2' title="bbox 50 605 1043 704; baseline -0.003 -25"><span class='ocrx_word' id='word_1_10' title='bbox 50 607 126 679; x_wconf 83' lang='lat' dir='ltr'><strong>satis</strong></span> <span class='ocrx_word' id='word_1_11' title='bbox 143 608 320 680; x_wconf 86' lang='lat' dir='ltr'><strong>videntur</strong></span> <span class='ocrx_word' id='word_1_12' title='bbox 330 606 497 678; x_wconf 85' lang='lat' dir='ltr'><strong>indicare</strong></span> <span class='ocrx_word' id='word_1_13' title='bbox 510 605 567 702; x_wconf 79' lang='lat' dir='ltr'><strong>(t)</strong></span> <span class='ocrx_word' id='word_1_14' title='bbox 580 623 593 676; x_wconf 69' lang='lat'><strong>:‘</strong></span> <span class='ocrx_word' id='word_1_15' title='bbox 610 613 767 704; x_wconf 78' lang='lat' dir='ltr'><em>cognovi</em></span> <span class='ocrx_word' id='word_1_16' title='bbox 783 623 905 678; x_wconf 87' lang='lat' dir='ltr'><strong>tamen</strong></span> <span class='ocrx_word' id='word_1_17' title='bbox 925 605 1043 678; x_wconf 82' lang='lat' dir='ltr'><strong>medi-</strong></span> 
     </span>
     <span class='ocr_line' id='line_1_3' title="bbox 49 723 1045 822; baseline 0.003 -31"><span class='ocrx_word' id='word_1_18' title='bbox 49 747 117 810; x_wconf 77' lang='lat' dir='ltr'><strong>cor,</strong></span> <span class='ocrx_word' id='word_1_19' title='bbox 134 731 201 820; x_wconf 80' lang='lat' dir='ltr'><strong>qui</strong></span> <span class='ocrx_word' id='word_1_20' title='bbox 222 727 271 797; x_wconf 88' lang='lat' dir='ltr'><strong>ab</strong></span> <span class='ocrx_word' id='word_1_21' title='bbox 289 729 486 822; x_wconf 78' lang='lat' dir='ltr'><em>scorpione</em></span> <span class='ocrx_word' id='word_1_22' title='bbox 500 729 580 794; x_wconf 83' lang='lat' dir='ltr'><strong>ictis</strong></span> <span class='ocrx_word' id='word_1_23' title='bbox 594 723 693 794; x_wconf 80' lang='lat' dir='ltr'><strong>nihil</strong></span> <span class='ocrx_word' id='word_1_24' title='bbox 715 723 836 811; x_wconf 71' lang='lat' dir='ltr'><strong>alind,</strong></span> <span class='ocrx_word' id='word_1_25' title='bbox 860 749 974 820; x_wconf 82' lang='lat' dir='ltr'><strong>quam</strong></span> <span class='ocrx_word' id='word_1_26' title='bbox 995 748 1045 794; x_wconf 79' lang='lat' dir='ltr'><strong>ex</strong></span> 
     </span>
     <span class='ocr_line' id='line_1_4' title="bbox 41 840 1042 940; baseline -0.002 -28"><span class='ocrx_word' id='word_1_27' title='bbox 41 840 197 912; x_wconf 71' lang='lat' dir='ltr'><strong>brachio</strong></span> <span class='ocrx_word' id='word_1_28' title='bbox 213 848 431 940; x_wconf 81' lang='lat' dir='ltr'><strong>sanguinem</strong></span> <span class='ocrx_word' id='word_1_29' title='bbox 451 847 636 912; x_wconf 83' lang='lat' dir='ltr'><strong>miserunt.</strong></span> <span class='ocrx_word' id='word_1_30' title='bbox 656 845 759 912; x_wconf 86' lang='lat' dir='ltr'><strong>Loco</strong></span> <span class='ocrx_word' id='word_1_31' title='bbox 783 857 929 926; x_wconf 88' lang='lat' dir='ltr'><strong>autem,</strong></span> <span class='ocrx_word' id='word_1_32' title='bbox 963 865 1042 911; x_wconf 90' lang='lat' dir='ltr'><strong>non</strong></span> 
     </span>
     <span class='ocr_line' id='line_1_5' title="bbox 47 957 1121 1056; baseline 0 -30"><span class='ocrx_word' id='word_1_33' title='bbox 47 971 230 1056; x_wconf 80' lang='lat' dir='ltr'><strong>ternpore,</strong></span> <span class='ocrx_word' id='word_1_34' title='bbox 245 985 266 1029; x_wconf 90' lang='lat' dir='ltr'><strong>a</strong></span> <span class='ocrx_word' id='word_1_35' title='bbox 282 957 711 1030; x_wconf 84' lang='lat' dir='ltr'><strong>nobisdistabatRedius</strong></span> <span class='ocrx_word' id='word_1_36' title='bbox 722 1012 731 1046; x_wconf 85' lang='lat'><strong>‚</strong></span> <span class='ocrx_word' id='word_1_37' title='bbox 744 958 929 1055; x_wconf 86' lang='lat' dir='ltr'><strong>distatque</strong></span> <span class='ocrx_word' id='word_1_38' title='bbox 942 963 1044 1030; x_wconf 84' lang='lat' dir='ltr'><strong>Gen·</strong></span> <span class='ocrx_word' id='word_1_39' title='bbox 1120 1009 1121 1012; x_wconf 63' lang='lat'>,</span> 
     </span>
     <span class='ocr_line' id='line_1_6' title="bbox 47 1072 1149 1172; baseline 0 -28"><span class='ocrx_word' id='word_1_40' title='bbox 47 1073 129 1162; x_wconf 87' lang='lat' dir='ltr'><strong>tilis,</strong></span> <span class='ocrx_word' id='word_1_41' title='bbox 145 1075 283 1147; x_wconf 88' lang='lat' dir='ltr'><strong>medici</strong></span> <span class='ocrx_word' id='word_1_42' title='bbox 302 1075 414 1147; x_wconf 88' lang='lat' dir='ltr'><strong>ambo</strong></span> <span class='ocrx_word' id='word_1_43' title='bbox 448 1077 597 1147; x_wconf 84' lang='lat' dir='ltr'><strong>etrusci.</strong></span> <span class='ocrx_word' id='word_1_44' title='bbox 636 1079 807 1166; x_wconf 89' lang='lat' dir='ltr'><strong>Quorum</strong></span> <span class='ocrx_word' id='word_1_45' title='bbox 832 1072 1044 1172; x_wconf 85' lang='lat' dir='ltr'><strong>primus(2)</strong></span> <span class='ocrx_word' id='word_1_46' title='bbox 1146 1081 1149 1086; x_wconf 86' lang='lat'>&#39;</span> 
     </span>
     <span class='ocr_line' id='line_1_7' title="bbox 47 1189 1047 1290; baseline 0.002 -30"><span class='ocrx_word' id='word_1_47' title='bbox 47 1189 138 1262; x_wconf 87' lang='lat' dir='ltr'><strong>idem</strong></span> <span class='ocrx_word' id='word_1_48' title='bbox 155 1192 264 1290; x_wconf 88' lang='lat' dir='ltr'><strong>quod</strong></span> <span class='ocrx_word' id='word_1_49' title='bbox 288 1193 438 1277; x_wconf 87' lang='lat' dir='ltr'><strong>Plinus‚</strong></span> <span class='ocrx_word' id='word_1_50' title='bbox 469 1191 680 1263; x_wconf 82' lang='lat' dir='ltr'><strong>affirmabat</strong></span> <span class='ocrx_word' id='word_1_51' title='bbox 695 1205 701 1223; x_wconf 85' lang='lat'><strong><em>¹</em></strong></span> <span class='ocrx_word' id='word_1_52' title='bbox 714 1207 916 1290; x_wconf 80' lang='lat' dir='ltr'><strong>propterca</strong></span> <span class='ocrx_word' id='word_1_53' title='bbox 942 1191 1047 1288; x_wconf 91' lang='lat' dir='ltr'><strong>quod</strong></span> 
     </span>
     <span class='ocr_line' id='line_1_8' title="bbox 48 1308 1048 1408; baseline 0.002 -28"><span class='ocrx_word' id='word_1_54' title='bbox 48 1311 182 1382; x_wconf 85' lang='lat' dir='ltr'><strong>centies</strong></span> <span class='ocrx_word' id='word_1_55' title='bbox 220 1309 364 1382; x_wconf 85' lang='lat' dir='ltr'><strong>viderat</strong></span> <span class='ocrx_word' id='word_1_56' title='bbox 403 1311 641 1408; x_wconf 79' lang='lat' dir='ltr'><em>scorpiorum</em></span> <span class='ocrx_word' id='word_1_57' title='bbox 679 1309 895 1382; x_wconf 80' lang='lat' dir='ltr'><strong>venditores</strong></span> <span class='ocrx_word' id='word_1_58' title='bbox 927 1308 1048 1382; x_wconf 84' lang='lat' dir='ltr'><strong>nudas</strong></span> 
     </span>
     <span class='ocr_line' id='line_1_9' title="bbox 49 1426 1050 1524; baseline -0.001 -25"><span class='ocrx_word' id='word_1_59' title='bbox 49 1451 177 1499; x_wconf 83' lang='lat' dir='ltr'><strong>manus</strong></span> <span class='ocrx_word' id='word_1_60' title='bbox 209 1428 249 1499; x_wconf 92' lang='lat' dir='ltr'><strong>in</strong></span> <span class='ocrx_word' id='word_1_61' title='bbox 277 1426 446 1498; x_wconf 88' lang='lat' dir='ltr'><strong>sacculos</strong></span> <span class='ocrx_word' id='word_1_62' title='bbox 470 1427 635 1498; x_wconf 87' lang='lat' dir='ltr'><strong>inserere</strong></span> <span class='ocrx_word' id='word_1_63' title='bbox 667 1426 798 1498; x_wconf 89' lang='lat' dir='ltr'><strong>iisdem</strong></span> <span class='ocrx_word' id='word_1_64' title='bbox 824 1427 979 1524; x_wconf 78' lang='lat' dir='ltr'><strong>plenoS‚</strong></span> <span class='ocrx_word' id='word_1_65' title='bbox 1012 1441 1050 1498; x_wconf 87' lang='lat' dir='ltr'><strong>et</strong></span> 
     </span>
     <span class='ocr_line' id='line_1_10' title="bbox 50 1542 1049 1642; baseline -0.003 -26"><span class='ocrx_word' id='word_1_66' title='bbox 50 1566 137 1640; x_wconf 80' lang='lat' dir='ltr'><strong>saepe</strong></span> <span class='ocrx_word' id='word_1_67' title='bbox 151 1545 250 1616; x_wconf 88' lang='lat' dir='ltr'><strong>ictus</strong></span> <span class='ocrx_word' id='word_1_68' title='bbox 261 1543 308 1616; x_wconf 88' lang='lat' dir='ltr'><strong>ab</strong></span> <span class='ocrx_word' id='word_1_69' title='bbox 321 1545 366 1615; x_wconf 92' lang='lat' dir='ltr'><strong>iis</strong></span> <span class='ocrx_word' id='word_1_70' title='bbox 380 1542 541 1625; x_wconf 73' lang='lat' dir='ltr'><strong>referre,</strong></span> <span class='ocrx_word' id='word_1_71' title='bbox 555 1569 680 1642; x_wconf 89' lang='lat' dir='ltr'><strong>neque</strong></span> <span class='ocrx_word' id='word_1_72' title='bbox 691 1569 883 1641; x_wconf 83' lang='lat' dir='ltr'><strong>unquam,</strong></span> <span class='ocrx_word' id='word_1_73' title='bbox 901 1543 1049 1614; x_wconf 86' lang='lat' dir='ltr'><strong>tametsi</strong></span> 
     </span>
     <span class='ocr_line' id='line_1_11' title="bbox 51 1635 1050 1746; baseline -0.004 -12"><span class='ocrx_word' id='word_1_74' title='bbox 51 1657 212 1736; x_wconf 78' lang='lat' dir='ltr'><strong>fervente</strong></span> <span class='ocrx_word' id='word_1_75' title='bbox 231 1660 398 1732; x_wconf 86' lang='lat' dir='ltr'>canicula</span> <span class='ocrx_word' id='word_1_76' title='bbox 423 1659 501 1732; x_wconf 82' lang='lat' dir='ltr'><strong>haec</strong></span> <span class='ocrx_word' id='word_1_77' title='bbox 526 1635 680 1746; x_wconf 79' lang='lat' dir='ltr'><strong>fierent,</strong></span> <span class='ocrx_word' id='word_1_78' title='bbox 700 1687 786 1732; x_wconf 90' lang='lat' dir='ltr'><strong>cum</strong></span> <span class='ocrx_word' id='word_1_79' title='bbox 806 1658 885 1732; x_wconf 84' lang='lat' dir='ltr'><strong>uilo</strong></span> <span class='ocrx_word' id='word_1_80' title='bbox 903 1661 963 1732; x_wconf 92' lang='lat' dir='ltr'><strong>vel</strong></span> <span class='ocrx_word' id='word_1_81' title='bbox 979 1662 1050 1730; x_wconf 84' lang='lat' dir='ltr'><strong>mi-</strong></span> 
     </span>
     <span class='ocr_line' id='line_1_12' title="bbox 49 1776 1008 1880; baseline 0 -34"><span class='ocrx_word' id='word_1_82' title='bbox 49 1779 148 1850; x_wconf 88' lang='lat' dir='ltr'><strong>nimo</strong></span> <span class='ocrx_word' id='word_1_83' title='bbox 181 1780 601 1875; x_wconf 83' lang='lat' dir='ltr'><strong>consequentoveneni</strong></span> <span class='ocrx_word' id='word_1_84' title='bbox 635 1777 786 1848; x_wconf 88' lang='lat' dir='ltr'><strong>indicio.</strong></span> <span class='ocrx_word' id='word_1_85' title='bbox 825 1777 928 1848; x_wconf 81' lang='lat' dir='ltr'><strong>Alter</strong></span> <span class='ocrx_word' id='word_1_86' title='bbox 950 1776 1008 1880; x_wconf 88' lang='lat'><strong>(3)</strong></span> 
     </span>
     <span class='ocr_line' id='line_1_13' title="bbox 52 1892 1053 1993; baseline -0.003 -28"><span class='ocrx_word' id='word_1_87' title='bbox 52 1898 292 1993; x_wconf 84' lang='lat' dir='ltr'><strong>scorpionum</strong></span> <span class='ocrx_word' id='word_1_88' title='bbox 307 1894 444 1967; x_wconf 85' lang='lat' dir='ltr'><strong>ictibus</strong></span> <span class='ocrx_word' id='word_1_89' title='bbox 461 1892 608 1968; x_wconf 83' lang='lat' dir='ltr'><strong>funesta</strong></span> <span class='ocrx_word' id='word_1_90' title='bbox 627 1895 724 1966; x_wconf 85' lang='lat' dir='ltr'><strong>mala</strong></span> <span class='ocrx_word' id='word_1_91' title='bbox 739 1892 817 1965; x_wconf 87' lang='lat' dir='ltr'><strong>fere</strong></span> <span class='ocrx_word' id='word_1_92' title='bbox 842 1920 921 1964; x_wconf 93' lang='lat' dir='ltr'><strong>non</strong></span> <span class='ocrx_word' id='word_1_93' title='bbox 946 1895 1053 1982; x_wconf 85' lang='lat' dir='ltr'><strong>oriri,</strong></span> 
     </span>
     <span class='ocr_line' id='line_1_14' title="bbox 53 2011 1052 2110; baseline -0.006 -25"><span class='ocrx_word' id='word_1_94' title='bbox 53 2014 118 2085; x_wconf 88' lang='lat' dir='ltr'><strong>nisi</strong></span> <span class='ocrx_word' id='word_1_95' title='bbox 134 2017 176 2084; x_wconf 92' lang='lat' dir='ltr'><strong>in</strong></span> <span class='ocrx_word' id='word_1_96' title='bbox 196 2011 330 2084; x_wconf 83' lang='lat' dir='ltr'><strong>Africa.</strong></span> <span class='ocrx_word' id='word_1_97' title='bbox 358 2012 415 2084; x_wconf 76' lang='lat' dir='ltr'><strong>nh</strong></span> <span class='ocrx_word' id='word_1_98' title='bbox 433 2013 536 2084; x_wconf 88' lang='lat' dir='ltr'><strong>Italis</strong></span> <span class='ocrx_word' id='word_1_99' title='bbox 567 2015 666 2082; x_wconf 81' lang='lat' dir='ltr'><strong>enirn</strong></span> <span class='ocrx_word' id='word_1_100' title='bbox 697 2013 854 2110; x_wconf 87' lang='lat' dir='ltr'><strong>scorpiis</strong></span> <span class='ocrx_word' id='word_1_101' title='bbox 874 2013 969 2082; x_wconf 91' lang='lat' dir='ltr'><strong>ictos</strong></span> <span class='ocrx_word' id='word_1_102' title='bbox 987 2011 1052 2080; x_wconf 83' lang='lat' dir='ltr'><strong>ali-</strong></span> 
     </span>
     <span class='ocr_line' id='line_1_15' title="bbox 54 2127 1106 2227; baseline -0.004 -26"><span class='ocrx_word' id='word_1_103' title='bbox 54 2153 145 2226; x_wconf 89' lang='lat' dir='ltr'><strong>quos</strong></span> <span class='ocrx_word' id='word_1_104' title='bbox 167 2155 247 2202; x_wconf 88' lang='lat' dir='ltr'><strong>esse</strong></span> <span class='ocrx_word' id='word_1_105' title='bbox 275 2129 429 2227; x_wconf 86' lang='lat' dir='ltr'><strong>quidem</strong></span> <span class='ocrx_word' id='word_1_106' title='bbox 458 2145 653 2217; x_wconf 87' lang='lat' dir='ltr'><strong>mortuos;</strong></span> <span class='ocrx_word' id='word_1_107' title='bbox 689 2128 754 2202; x_wconf 86' lang='lat' dir='ltr'><strong>sed</strong></span> <span class='ocrx_word' id='word_1_108' title='bbox 780 2153 900 2226; x_wconf 86' lang='lat' dir='ltr'><strong>pauca</strong></span> <span class='ocrx_word' id='word_1_109' title='bbox 923 2127 1055 2198; x_wconf 84' lang='lat' dir='ltr'><strong>admo·</strong></span> <span class='ocrx_word' id='word_1_110' title='bbox 1101 2205 1106 2214; x_wconf 48' lang='grc'>,</span> 
     </span>
     <span class='ocr_line' id='line_1_16' title="bbox 57 2243 1054 2344; baseline -0.005 -24"><span class='ocrx_word' id='word_1_111' title='bbox 57 2245 140 2322; x_wconf 85' lang='lat' dir='ltr'><strong>dum</strong></span> <span class='ocrx_word' id='word_1_112' title='bbox 161 2245 209 2318; x_wconf 85' lang='lat' dir='ltr'><strong>ab</strong></span> <span class='ocrx_word' id='word_1_113' title='bbox 222 2269 349 2318; x_wconf 88' lang='lat' dir='ltr'><strong>rerum</strong></span> <span class='ocrx_word' id='word_1_114' title='bbox 367 2260 509 2318; x_wconf 86' lang='lat' dir='ltr'><strong>naturae</strong></span> <span class='ocrx_word' id='word_1_115' title='bbox 533 2245 779 2344; x_wconf 86' lang='lat' dir='ltr'><strong>scriptoribus</strong></span> <span class='ocrx_word' id='word_1_116' title='bbox 797 2243 982 2342; x_wconf 84' lang='lat' dir='ltr'><strong>ejusmodi</strong></span> <span class='ocrx_word' id='word_1_117' title='bbox 995 2269 1054 2315; x_wconf 87' lang='lat' dir='ltr'><strong>re-</strong></span> 
     </span>
     <span class='ocr_line' id='line_1_17' title="bbox 57 2360 778 2464; baseline -0.008 -28"><span class='ocrx_word' id='word_1_118' title='bbox 57 2360 142 2436; x_wconf 79' lang='lat' dir='ltr'><strong>ferri</strong></span> <span class='ocrx_word' id='word_1_119' title='bbox 159 2363 344 2462; x_wconf 84' lang='lat' dir='ltr'><strong>exempla.</strong></span> <span class='ocrx_word' id='word_1_120' title='bbox 768 2453 778 2464; x_wconf 19' lang='grc' dir='ltr'>ἱ</span> 
     </span>
    </p>

    <p class='ocr_par' dir='ltr' id='par_1_3' title="bbox 57 2480 1072 3642">
     <span class='ocr_line' id='line_1_18' title="bbox 100 2480 1058 2578; baseline -0.005 -25"><span class='ocrx_word' id='word_1_121' title='bbox 100 2487 158 2570; x_wconf 69' lang='lat' dir='ltr'><strong>ad.</strong></span> <span class='ocrx_word' id='word_1_122' title='bbox 179 2484 264 2552; x_wconf 89' lang='lat' dir='ltr'><strong>Duo</strong></span> <span class='ocrx_word' id='word_1_123' title='bbox 277 2482 334 2551; x_wconf 91' lang='lat' dir='ltr'><strong>vir</strong></span> <span class='ocrx_word' id='word_1_124' title='bbox 350 2480 413 2552; x_wconf 90' lang='lat' dir='ltr'><strong>ille</strong></span> <span class='ocrx_word' id='word_1_125' title='bbox 428 2481 599 2553; x_wconf 89' lang='lat' dir='ltr'><strong>eruditus</strong></span> <span class='ocrx_word' id='word_1_126' title='bbox 622 2480 817 2578; x_wconf 53' lang='lat' dir='ltr'><strong>producit„</strong></span> <span class='ocrx_word' id='word_1_127' title='bbox 835 2480 994 2552; x_wconf 87' lang='lat' dir='ltr'><strong>alterum</strong></span> <span class='ocrx_word' id='word_1_128' title='bbox 1013 2503 1058 2549; x_wconf 82' lang='lat' dir='ltr'><strong>ex</strong></span> 
     </span>
     <span class='ocr_line' id='line_1_19' title="bbox 57 2595 1059 2692; baseline -0.002 -26"><span class='ocrx_word' id='word_1_129' title='bbox 57 2599 242 2687; x_wconf 83' lang='lat' dir='ltr'><strong>Ferrario,</strong></span> <span class='ocrx_word' id='word_1_130' title='bbox 254 2622 298 2670; x_wconf 84' lang='lat' dir='ltr'><strong>ex</strong></span> <span class='ocrx_word' id='word_1_131' title='bbox 309 2602 485 2672; x_wconf 83' lang='lat' dir='ltr'><strong>Lanzouo</strong></span> <span class='ocrx_word' id='word_1_132' title='bbox 499 2598 669 2672; x_wconf 85' lang='lat' dir='ltr'><strong>aiterum.</strong></span> <span class='ocrx_word' id='word_1_133' title='bbox 691 2603 734 2668; x_wconf 93' lang='lat' dir='ltr'><strong>In</strong></span> <span class='ocrx_word' id='word_1_134' title='bbox 754 2612 921 2692; x_wconf 88' lang='lat' dir='ltr'><strong>utroque</strong></span> <span class='ocrx_word' id='word_1_135' title='bbox 937 2595 1059 2665; x_wconf 85' lang='lat' dir='ltr'><strong>vomi-</strong></span> 
     </span>
     <span class='ocr_line' id='line_1_20' title="bbox 57 2711 1061 2813; baseline -0.01 -23"><span class='ocrx_word' id='word_1_136' title='bbox 57 2730 129 2804; x_wconf 79' lang='lat' dir='ltr'><strong>tuS‚</strong></span> <span class='ocrx_word' id='word_1_137' title='bbox 150 2717 228 2790; x_wconf 89' lang='lat' dir='ltr'><strong>imo</strong></span> <span class='ocrx_word' id='word_1_138' title='bbox 244 2717 283 2791; x_wconf 86' lang='lat' dir='ltr'><strong>in</strong></span> <span class='ocrx_word' id='word_1_139' title='bbox 297 2714 415 2790; x_wconf 85' lang='lat' dir='ltr'><strong>altero</strong></span> <span class='ocrx_word' id='word_1_140' title='bbox 433 2717 512 2813; x_wconf 88' lang='lat' dir='ltr'><strong>ipse</strong></span> <span class='ocrx_word' id='word_1_141' title='bbox 536 2714 709 2787; x_wconf 89' lang='lat' dir='ltr'><strong>volvulus</strong></span> <span class='ocrx_word' id='word_1_142' title='bbox 728 2715 826 2783; x_wconf 89' lang='lat' dir='ltr'><strong>intra</strong></span> <span class='ocrx_word' id='word_1_143' title='bbox 852 2712 964 2782; x_wconf 87' lang='lat' dir='ltr'><strong>horas</strong></span> <span class='ocrx_word' id='word_1_144' title='bbox 993 2711 1061 2781; x_wconf 81' lang='lat' dir='ltr'><strong>ali-</strong></span> 
     </span>
     <span class='ocr_line' id='line_1_21' title="bbox 63 2828 1061 2929; baseline -0.006 -25"><span class='ocrx_word' id='word_1_145' title='bbox 63 2849 155 2929; x_wconf 82' lang='lat' dir='ltr'><strong>quot</strong></span> <span class='ocrx_word' id='word_1_146' title='bbox 173 2832 330 2906; x_wconf 83' lang='lat' dir='ltr'><strong>lethalis.</strong></span> <span class='ocrx_word' id='word_1_147' title='bbox 355 2838 463 2909; x_wconf 83' lang='lat' dir='ltr'><strong>Juvat</strong></span> <span class='ocrx_word' id='word_1_148' title='bbox 487 2830 657 2928; x_wconf 80' lang='lat' dir='ltr'><strong>exempla</strong></span> <span class='ocrx_word' id='word_1_149' title='bbox 681 2831 752 2902; x_wconf 86' lang='lat' dir='ltr'><strong>alia</strong></span> <span class='ocrx_word' id='word_1_150' title='bbox 775 2828 930 2916; x_wconf 81' lang='lat' dir='ltr'><strong>addere,</strong></span> <span class='ocrx_word' id='word_1_151' title='bbox 950 2841 1061 2924; x_wconf 84' lang='lat' dir='ltr'><strong>quot-</strong></span> 
     </span>
     <span class='ocr_line' id='line_1_22' title="bbox 64 2944 1063 3046; baseline -0.006 -25"><span class='ocrx_word' id='word_1_152' title='bbox 64 2965 155 3046; x_wconf 91' lang='lat' dir='ltr'><strong>quot</strong></span> <span class='ocrx_word' id='word_1_153' title='bbox 186 2952 285 3022; x_wconf 86' lang='lat' dir='ltr'><strong>inter</strong></span> <span class='ocrx_word' id='word_1_154' title='bbox 309 2949 550 3026; x_wconf 88' lang='lat' dir='ltr'><strong>scribendum</strong></span> <span class='ocrx_word' id='word_1_155' title='bbox 574 2962 802 3033; x_wconf 88' lang='lat' dir='ltr'><strong>occurrunt,</strong></span> <span class='ocrx_word' id='word_1_156' title='bbox 827 2944 971 3018; x_wconf 85' lang='lat' dir='ltr'><strong>funesta</strong></span> <span class='ocrx_word' id='word_1_157' title='bbox 989 2944 1063 3016; x_wconf 82' lang='lat' dir='ltr'><strong>sor-</strong></span> 
     </span>
     <span class='ocr_line' id='line_1_23' title="bbox 64 3061 1067 3158; baseline -0.003 -21"><span class='ocrx_word' id='word_1_158' title='bbox 64 3082 157 3142; x_wconf 84' lang='lat' dir='ltr'><strong>tasse</strong></span> <span class='ocrx_word' id='word_1_159' title='bbox 177 3069 318 3158; x_wconf 85' lang='lat' dir='ltr'><strong>futura,</strong></span> <span class='ocrx_word' id='word_1_160' title='bbox 333 3069 405 3139; x_wconf 89' lang='lat' dir='ltr'><strong>nisi</strong></span> <span class='ocrx_word' id='word_1_161' title='bbox 422 3065 654 3142; x_wconf 87' lang='lat' dir='ltr'><strong>obstitissent</strong></span> <span class='ocrx_word' id='word_1_162' title='bbox 673 3064 847 3136; x_wconf 87' lang='lat' dir='ltr'><strong>remedia.</strong></span> <span class='ocrx_word' id='word_1_163' title='bbox 875 3061 1067 3136; x_wconf 85' lang='lat' dir='ltr'><strong>Proferam</strong></span> 
     </span>
     <span class='ocr_line' id='line_1_24' title="bbox 65 3176 1067 3282; baseline -0.004 -28"><span class='ocrx_word' id='word_1_164' title='bbox 65 3202 188 3260; x_wconf 86' lang='lat' dir='ltr'><strong>autem</strong></span> <span class='ocrx_word' id='word_1_165' title='bbox 209 3211 254 3257; x_wconf 93' lang='lat' dir='ltr'><strong>eo</strong></span> <span class='ocrx_word' id='word_1_166' title='bbox 272 3184 451 3258; x_wconf 89' lang='lat' dir='ltr'><strong>libentius</strong></span> <span class='ocrx_word' id='word_1_167' title='bbox 466 3176 570 3282; x_wconf 92' lang='lat' dir='ltr'><strong>quod</strong></span> <span class='ocrx_word' id='word_1_168' title='bbox 597 3184 734 3255; x_wconf 86' lang='lat' dir='ltr'><strong>Patavii</strong></span> <span class='ocrx_word' id='word_1_169' title='bbox 759 3182 939 3279; x_wconf 85' lang='lat' dir='ltr'><strong>pleraque</strong></span> <span class='ocrx_word' id='word_1_170' title='bbox 966 3183 1067 3252; x_wconf 77' lang='lat' dir='ltr'><strong>acci-</strong></span> 
     </span>
     <span class='ocr_line' id='line_1_25' title="bbox 67 3299 1067 3386; baseline -0.004 -12"><span class='ocrx_word' id='word_1_171' title='bbox 67 3302 215 3379; x_wconf 81' lang='lat' dir='ltr'><strong>derunt.</strong></span> <span class='ocrx_word' id='word_1_172' title='bbox 258 3307 440 3378; x_wconf 84' lang='lat' dir='ltr'><strong>Cortusus</strong></span> <span class='ocrx_word' id='word_1_173' title='bbox 469 3317 598 3375; x_wconf 85' lang='lat' dir='ltr'><strong>noster</strong></span> <span class='ocrx_word' id='word_1_174' title='bbox 637 3302 756 3373; x_wconf 84' lang='lat' dir='ltr'><strong>civem</strong></span> <span class='ocrx_word' id='word_1_175' title='bbox 789 3299 851 3370; x_wconf 89' lang='lat' dir='ltr'><strong>hic</strong></span> <span class='ocrx_word' id='word_1_176' title='bbox 882 3324 1013 3386; x_wconf 86' lang='lat' dir='ltr'><strong>suum,</strong></span> <span class='ocrx_word' id='word_1_177' title='bbox 1046 3323 1067 3370; x_wconf 82' lang='lat' dir='ltr'><strong>n</strong></span> 
     </span>
     <span class='ocr_line' id='line_1_26' title="bbox 67 3415 1072 3524; baseline -0.009 -30"><span class='ocrx_word' id='word_1_178' title='bbox 67 3444 203 3520; x_wconf 83' lang='lat' dir='ltr'><strong>magno</strong></span> <span class='ocrx_word' id='word_1_179' title='bbox 229 3421 428 3524; x_wconf 88' lang='lat' dir='ltr'><strong>scorpione</strong></span> <span class='ocrx_word' id='word_1_180' title='bbox 454 3419 709 3506; x_wconf 83' lang='lat' dir='ltr'><strong>vulneratum,</strong></span> <span class='ocrx_word' id='word_1_181' title='bbox 724 3420 812 3516; x_wconf 82' lang='lat' dir='ltr'><strong>jam</strong></span> <span class='ocrx_word' id='word_1_182' title='bbox 832 3423 950 3487; x_wconf 77' lang='lat' dir='ltr'><strong>antini</strong></span> <span class='ocrx_word' id='word_1_183' title='bbox 982 3415 1072 3486; x_wconf 82' lang='lat' dir='ltr'><strong>del·-</strong></span> 
     </span>
     <span class='ocr_line' id='line_1_27' title="bbox 71 3536 1070 3642; baseline -0.009 -32"><span class='ocrx_word' id='word_1_184' title='bbox 71 3545 158 3642; x_wconf 83' lang='lat' dir='ltr'><strong>quio</strong></span> <span class='ocrx_word' id='word_1_185' title='bbox 173 3537 377 3627; x_wconf 81' lang='lat' dir='ltr'><strong>detentum,</strong></span> <span class='ocrx_word' id='word_1_186' title='bbox 392 3539 492 3614; x_wconf 82' lang='lat' dir='ltr'><strong>brevi</strong></span> <span class='ocrx_word' id='word_1_187' title='bbox 510 3536 714 3610; x_wconf 75' lang='lat' dir='ltr'><strong>adrandum</strong></span> <span class='ocrx_word' id='word_1_188' title='bbox 736 3552 900 3633; x_wconf 85' lang='lat' dir='ltr'><strong>tempore</strong></span> <span class='ocrx_word' id='word_1_189' title='bbox 919 3557 1070 3605; x_wconf 85' lang='lat' dir='ltr'><strong>revoca-</strong></span> 
     </span>
    </p>
   </div>
   <div class='ocr_carea' id='block_1_3' title="bbox 105 3834 342 3914">
    <p class='ocr_par' dir='ltr' id='par_1_4' title="bbox 105 3834 342 3914">
     <span class='ocr_line' id='line_1_28' title="bbox 105 3834 342 3914; baseline -0.008 -16"><span class='ocrx_word' id='word_1_190' title='bbox 105 3835 150 3914; x_wconf 85' lang='lat' dir='ltr'><strong>(t)</strong></span> <span class='ocrx_word' id='word_1_191' title='bbox 170 3834 249 3893; x_wconf 87' lang='lat' dir='ltr'><strong>Ibid.</strong></span> <span class='ocrx_word' id='word_1_192' title='bbox 267 3855 298 3891; x_wconf 88' lang='lat' dir='ltr'><strong>n.</strong></span> <span class='ocrx_word' id='word_1_193' title='bbox 312 3835 342 3896; x_wconf 73' lang='lat'><strong>5.</strong></span> 
     </span>
    </p>
   </div>
   <div class='ocr_carea' id='block_1_4' title="bbox 113 3933 930 4120">
    <p class='ocr_par' dir='ltr' id='par_1_5' title="bbox 113 3933 930 4120">
     <span class='ocr_line' id='line_1_29' title="bbox 113 3933 498 4014; baseline 0.008 -24"><span class='ocrx_word' id='word_1_194' title='bbox 113 3933 155 4014; x_wconf 77' lang='lat' dir='ltr'><strong>(a)</strong></span> <span class='ocrx_word' id='word_1_195' title='bbox 177 3937 281 4010; x_wconf 85' lang='lat' dir='ltr'><strong>Esper.</strong></span> <span class='ocrx_word' id='word_1_196' title='bbox 296 3935 352 3992; x_wconf 90' lang='lat' dir='ltr'><strong>iut.</strong></span> <span class='ocrx_word' id='word_1_197' title='bbox 366 3937 423 4012; x_wconf 81' lang='lat' dir='ltr'><strong>agl.</strong></span> <span class='ocrx_word' id='word_1_198' title='bbox 439 3937 498 3994; x_wconf 79' lang='lat' dir='ltr'><strong>Ins.</strong></span> 
     </span>
     <span class='ocr_line' id='line_1_30' title="bbox 116 4027 930 4120; baseline -0.017 -21"><span class='ocrx_word' id='word_1_199' title='bbox 116 4032 159 4120; x_wconf 65' lang='grc' dir='ltr'><strong>(ὃ.)</strong></span> <span class='ocrx_word' id='word_1_200' title='bbox 180 4038 327 4100; x_wconf 64' lang='lat' dir='ltr'><strong>Annona.</strong></span> <span class='ocrx_word' id='word_1_201' title='bbox 340 4037 397 4100; x_wconf 82' lang='lat' dir='ltr'><strong>alla</strong></span> <span class='ocrx_word' id='word_1_202' title='bbox 412 4054 482 4114; x_wconf 84' lang='lat' dir='ltr'><strong>pag.</strong></span> <span class='ocrx_word' id='word_1_203' title='bbox 496 4033 549 4107; x_wconf 88' lang='lat'><strong>66,</strong></span> <span class='ocrx_word' id='word_1_204' title='bbox 563 4053 593 4090; x_wconf 79' lang='lat' dir='ltr'><strong>v.</strong></span> <span class='ocrx_word' id='word_1_205' title='bbox 607 4035 659 4106; x_wconf 78' lang='lat'><strong>23,</strong></span> <span class='ocrx_word' id='word_1_206' title='bbox 673 4033 749 4096; x_wconf 82' lang='lat' dir='ltr'><strong>delia</strong></span> <span class='ocrx_word' id='word_1_207' title='bbox 759 4033 837 4088; x_wconf 85' lang='lat' dir='ltr'><strong>Lett.</strong></span> <span class='ocrx_word' id='word_1_208' title='bbox 853 4027 930 4086; x_wconf 85' lang='lat' dir='ltr'><strong>filos.</strong></span> 
     </span>
    </p>
   </div>
   <div class='ocr_carea' id='block_1_5' title="bbox 0 0 1377 4654">
    <p class='ocr_par' dir='ltr' id='par_1_6' title="bbox 0 0 1377 4654">
     <span class='ocr_line' id='line_1_31' title="bbox 0 0 1377 4654; baseline 0 0"><span class='ocrx_word' id='word_1_209' title='bbox 0 0 1377 4654; x_wconf 95' lang='lat' dir='ltr'><strong> </strong></span> 
     </span>
    </p>
   </div>
  </div>
 </body>
</html>
