2732 4654
90 459 103 490 ⁷
138 446 1099 545 tn.1v.'muonnscn1nunc.,etoinsoni.323
1191 469 1194 474 ’

89 596 363 700 Maupertuisio
384 596 439 694 (t)
466 598 505 666 in
526 620 607 668 eam
635 599 891 697 suspicionem
907 591 1105 677 'descendi
1148 656 1184 730 ι,

88 741 198 804 mus,
220 740 268 786 ne
293 713 389 785 forte
411 713 521 810 plura
544 736 627 810 quae
650 714 829 789 adversus
856 721 1104 818 scorpionum

87 837 187 906 ictus
199 831 419 915 laudantur,
436 830 604 902 remedia
617 830 703 903 idco
713 829 901 930 profuisse
912 838 988 910 visa
1008 841 1102 933 sint,

88 947 194 1048 quod
205 946 489 1047 saepiusfuerint
499 949 544 1020 iis
559 947 954 1024 hominibusadhibita
964 956 1103 1053 quibus

87 1069 229 1140 vulnus
251 1065 406 1164 quidem
433 1063 620 1137 inssictum
651 1061 783 1156 fuerit,
804 1067 869 1141 sed
893 1071 1103 1146 innocuum

86 1209 280 1258 venenum
301 1185 523 1256 immissum.
545 1188 649 1254 luter
677 1209 719 1256 ea
749 1187 914 1258 remedia
934 1213 954 1258 a
971 1192 1104 1286 priscis

88 1325 216 1402 usque
241 1287 476 1400 temporibus
494 1299 587 1371 illud
613 1300 660 1372 de
680 1303 790 1398 cujus
818 1306 855 1374 vi
880 1307 1104 1381 nominatim

86 1423 146 1493 vir
165 1419 229 1491 ille
247 1419 292 1492 cl.
319 1418 485 1506 dubitat,
509 1420 749 1516 potissimum
771 1424 999 1496 recensitum
1023 1452 1127 1504 esse⁴

87 1540 191 1612 nosti
200 1591 211 1626 ‚
237 1535 343 1634 quod
362 1563 407 1608 ex
423 1526 735 1636 scorpione'ipso
766 1541 919 1650 petitur.
947 1544 1102 1642 Scoip'io

87 1655 214 1754 inquit
238 1655 367 1728 Celsus
391 1655 465 1750 (5),
488 1659 566 1751 ipse
581 1656 654 1726 nbi
673 1654 966 1752 pulcherrimum
988 1661 1105 1732 medi-

86 1787 303 1844 camentum
322 1787 396 1860 est,
414 1773 491 1843 sive
512 1776 693 1842 contritus
708 1797 822 1870 super
833 1775 973 1846 uulnus
989 1784 1105 1876 impo-

85 1897 198 1978 situs,
221 1892 297 1962 sive
316 1913 599 1989 superponas,
617 1904 660 1960 ut
673 1889 813 1962 uulnus
830 1895 1101 1991 suffumigetur.

89 2012 234 2084 Verum
251 2007 391 2080 laudati
408 2009 479 2077 viri
503 2005 780 2080 dubitationem
800 2009 950 2080 videtur
968 2011 1105 2084 confir-

90 2151 196 2199 mare
223 2142 304 2197 tum
319 2123 578 2224 suffumigium
593 2125 666 2198 hoc
685 2123 821 2200 frustra
841 2127 1053 2201 adhibitum
1069 2131 1107 2206 ei

89 2245 243 2317 mulieri
256 2267 337 2340 quoe
354 2267 467 2340 supra
488 2243 542 2340 (3)
556 2259 761 2316 memorata
782 2260 859 2334 est,
878 2271 922 2318 ex
939 2249 1101 2348 scorpio-

89 2366 149 2436 nis
169 2364 247 2433 ictu
264 2360 514 2432 nihilominus
528 2377 702 2451 mortuae,
718 2379 799 2434 tum
819 2380 1000 2438 contusus
1018 2368 1098 2465 ipse

88 2481 282 2578 scorpius,
308 2494 344 2550 et
363 2479 512 2550 vulneri
535 2481 756 2578 impositus,
773 2483 838 2578 qui
852 2507 992 2582 parum
1007 2511 1102 2582 pro-

75 2602 164 2690 fuit
182 2603 294 2668 Petro
309 2621 330 2666 a
348 2600 496 2683 Castro,
521 2599 626 2693 cujus
649 2617 804 2696 quoque
820 2623 948 2670 casum
973 2583 1105 2673 retuli·

90 2720 177 2788 mus
195 2715 270 2810 (4),
284 2716 323 2783 io
337 2738 382 2786 eo
396 2715 478 2784 ictis
496 2715 715 2786 atarantula
735 2715 966 2795 simillimum
976 2719 1103 2815 ,quod

89 2833 312 2930 insequenti
335 2856 437 2902 anno
464 2831 574 2902 dolor
602 2831 714 2904 rediit
750 2832 885 2905 eodem
920 2849 1103 2933 tempore.

52 2942 53 2948 ἵ
90 2957 172 3024 Hoc
192 2951 294 3021 enim
312 2947 548 3022 desauciatis
569 2977 590 3020 a
606 2951 794 3022 tarantula
822 2950 1016 3024 adnotavit
1036 2959 1105 3028 Ba·

92 3071 228 3168 glivius
247 3066 335 3167 (5):
367 3068 433 3164 qui
464 3083 500 3138 et
525 3067 619 3138 illud
649 3070 907 3140 observatione
930 3085 1130 3144 constare

93 3188 242 3285 scripsit
252 3186 361 3285 (6),a
379 3189 577 3283 scorpione
595 3186 635 3256 iu
650 3186 784 3284 Apulia
794 3202 960 3284 punctos
972 3188 1104 3262 eadem

152 3529 179 3612 ι)
203 3535 369 3590 Comment.
388 3553 479 3608 supra
495 3533 534 3590 ad
548 3554 578 3590 n.
595 3531 632 3590 55
647 3535 697 3590 cit.

148 3634 366 3710 n)Demedic.
381 3633 450 3704 1.5,
469 3632 647 3705 c2.7‚n5.
726 3615 741 3635 '

134 3533 147 3614 (

132 3633 145 3711 (

137 3731 182 3810 (.

137 3831 149 3908 (

107 3924 149 4008 (

152 3731 243 3798 ³t·

153 3829 248 3910 ‘u'

151 3929 180 4008 5)
203 3932 326 3990 Dissert.
338 3929 374 3988 de
387 3937 511 4002 tarent,
526 3900 558 3989 ci
568 3951 601 4010 9,
618 3929 765 3991 ethist1

141 4029 183 4112 t6)
206 4032 283 4091 thid.
298 4053 326 4090 c.
340 4028 483 4104 pethist
497 4033 525 4091 3.
