2824 4652
323 409 399 504 tto
490 431 537 478 un
561 427 710 479 suumne
734 427 780 476 sc
804 425 930 480 ciusts
956 429 1169 482 :conectunt

321 542 453 618 heret?
466 540 580 634 Quod
595 542 626 614 si
638 538 905 614 tento'fecilius
927 564 949 612 u
970 555 1007 614 te
1021 539 1106 616 fieri
1129 567 1244 644 posse
1260 569 1329 620 cre

322 661 482 752 diteris,
493 660 583 760 quia
600 657 786 736 calculosi
798 659 953 732 materia
970 658 1192 734 indurando
1204 664 1328 759 jetur,

321 781 437 878 hujus
470 777 788 877 qualemcumque
802 799 954 848 sensum
986 775 1231 869 hebetasset3
1251 805 1331 852 non
1402 767 1406 826 ‘3

318 889 420 984 u‘ltru
438 893 668 970 adversabor
692 893 781 982 tibi,
800 917 888 966 uum
906 916 1157 994 quocumque
1176 898 1328 970 tandem
1405 963 1406 978 ,

318 1015 436 1090 modo
449 1012 636 1113 explices,
655 1033 805 1108 semper
823 1009 990 1108 quasbic
1008 1009 1079 1084 tibi
1095 1012 1257 1102 addidi,
1270 1014 1328 1086 ob-

318 1132 547 1210 servationes
570 1128 617 1202 ud
637 1125 811 1216 dolores,
830 1141 1074 1228 tumoresque
1098 1129 1255 1202 dexteri
1271 1131 1327 1228 by·

316 1245 558 1352 pocboudrii‚
575 1261 618 1320 ut
633 1268 716 1320 sum
728 1245 937 1344 pollicitus,
948 1243 1191 1354 spectabunt,
1202 1273 1324 1346 quem·

316 1366 523 1446 admodum
547 1364 596 1436 ad
627 1361 960 1463 bypocboudriutu
991 1363 1193 1436 sinistrum
1225 1367 1327 1464 petti-

314 1487 464 1560 nebunt
476 1485 547 1558 iltae
566 1507 650 1582 quic
669 1483 848 1579 protinus·
857 1495 1081 1579 sequuntur.

366 1627 419 1676 to.
449 1605 616 1700 Magnus
635 1611 756 1686 certe,
777 1599 983 1696 presertim
1008 1613 1064 1670 ut·
1078 1599 1122 1670 in
1137 1603 1322 1672 novenni

310 1741 457 1832 puero,
484 1719 595 1792 lienis
622 1732 751 1790 tumor
783 1710 866 1802 fuit,
897 1737 1014 1812 quem
1046 1713 1259 1816 descripsit
1280 1718 1320 1790 cl

306 1834 623 1912 ‚Kultschmidtius
644 1831 724 1929 (1),
748 1831 886 1929 quoin
904 1845 1075 1922 tumore,
1089 1832 1126 1905 si
1145 1833 1322 1910 manibus

311 1967 540 2041 tentaretur,
557 1943 730 2022 dolorem
740 1971 835 2046 puer
851 1948 1085 2046 percipiebat
1102 1950 1211 2040 ,nisi
1231 1949 1321 2026 forte

312 2069 478 2156 uibuere
502 2067 607 2140 hunc
624 2065 722 2152 velis¹
738 2063 900 2162 subjecti
923 2065 1008 2138 reni
1031 2068 1177 2174 siuistri
1191 2073 1320 2172 amplo

311 2187 438 2286 pelvi:
466 2207 581 2284 quem
604 2182 774 2281 inclusus
792 2205 902 2280 asper
918 2182 1118 2274 calculus,
1138 2201 1235 2261 tunc
1264 2213 1317 2288 ap

309 2325 480 2404 pressus,
495 2313 777 2398 compungeret.
803 2296 1017 2406 Aliquando
1034 2317 1162 2374 autem
1182 2330 1204 2376 e
1228 2329 1317 2378 con-

308 2420 427 2496 uuio
442 2443 522 2492 non
539 2406 580 2490 in
599 2417 708 2490 lienis
728 2429 876 2488 tumore
899 2419 1067 2490 occurtit
1085 2419 1220 2511 dolor,
1250 2423 1312 2496 sed

309 2539 351 2612 in
362 2537 488 2612 luteris
501 2535 642 2608 sinistm'
661 2533 737 2604 ima
750 2547 859 2630 purte
874 2531 922 2604 ud
939 2533 1096 2608 dorsum
1115 2555 1315 2638 vergente,

309 2671 354 2730 ut
367 2656 497 2728 inviro
509 2653 577 2752 qui
588 2675 678 2724 cum
687 2665 865 2749 pretence
876 2649 1053 2750 pluribus
1064 2654 1147 2728 aliis
1157 2673 1315 2756 sympto

307 2771 492 2857 metibus,
511 2767 694 2870 phthisim
709 2765 997 2856 mentientibus,
1015 2767 1149 2848 fuisses
1160 2773 1313 2848 conflic-

307 2907 430 2980 tutus,
447 2889 545 2962 nihil
552 2887 723 2984 denique
744 2887 786 2958 iti
804 2886 1053 2985 pulmonibus
1077 2892 1187 2988 quod
1206 2896 1310 2966 vitio·

309 3031 394 3084 sum
423 3021 537 3096 esset,
567 3017 837 3104 postmortem
864 3004 1047 3095 ostendit,
1075 3008 1142 3079 sed
1174 3009 1309 3082 lienem

287 3183 294 3190 ,,
302 3123 576 3226 grandiorem,
609 3121 886 3218 durissimum,
910 3137 957 3197 'et
992 3125 1102 3197 valde
1138 3151 1308 3225 gravem,

307 3244 450 3344 quippe
473 3265 522 3316 exw
540 3237 657 3312 densa
685 3255 926 3339 compactum
951 3239 1163 3315 substantia
1198 3269 1305 3343 quatu

306 3361 395 3436 Abi.
415 3363 576 3434 Vutems
589 3358 643 3454 (n)
661 3381 748 3430 cum
762 3357 924 3438 dissecto
931 3373 1117 3458 petasone
1124 3370 1303 3460 pemmo,

292 3481 409 3572 fumo
422 3474 998 3574 leviterinduratocomparavit.
1019 3479 1171 3576 Decipit
1190 3481 1297 3551 etiam

309 3596 419 3670 lienis
442 3607 591 3684 tumor,
619 3615 707 3665 cum
724 3591 843 3665 vulde-
857 3617 898 3666 se
916 3595 1102 3686 extendit,
1127 3611 1194 3668 sut
1219 3619 1299 3670 cum
1404 3651 1405 3686 ,

1403 3333 1405 3392 l

339 3878 384 3956 (1)
404 3881 507 3956 Progr.
522 3877 559 3934 de
570 3877 628 3934 boc
647 3888 773 3938 tumore.

340 3971 384 4052 (n)
405 3976 528 4040 Dissett.
542 3973 579 4034 de
590 3971 715 4040 skirrhis
725 3976 831 4038 visset.
