2746 4662
307 421 377 500 130
469 445 516 500 nr
542 442 689 494 suntnus
713 443 758 490 rr
783 439 907 520 musis
932 439 1142 495 nostorum

302 575 340 635 et
359 559 643 658 complemento
672 553 819 628 dictum
837 570 912 646 est;
928 581 1068 656 nempe
1095 581 1167 656 pro
1185 557 1295 650 variis,

300 703 384 777 quae
394 689 610 750 memoratae
626 689 732 766 supt,
743 672 898 771 aliisque
916 673 1104 770 ejusmodi
1124 677 1296 749 conditio-

298 795 434 883 nibus,
460 791 600 890 quibus
629 790 778 889 longius
804 815 979 890 qunque,
1006 807 1071 864 aut
1095 791 1245 866 brevius
1262 819 1296 866 er

300 937 378 1010 quo
405 910 618 1007 completus
647 905 780 997 fuerit,
804 924 955 1007 tempus
983 907 1204 984 addendum
1234 927 1295 1001 est,

299 1030 437 1126 magis,
455 1027 627 1102 minusve
650 1039 910 1124 compactum,
931 1041 997 1100 aut
1024 1041 1127 1100 certe
1154 1027 1296 1116 durum,

296 1144 527 1242 firmumque
550 1167 632 1220 esse
650 1167 772 1244 posse.
794 1148 841 1214 Et
860 1139 1019 1243 hae'ego
1036 1145 1184 1219 ratione
1200 1162 1297 1245 puto,

294 1263 470 1343 adversas
490 1263 589 1334 inter
608 1285 647 1334 se
668 1260 963 1334 clarissimorum
980 1263 1237 1361 complurium
1252 1265 1297 1335 vi·

295 1403 428 1456 torum
457 1379 663 1456 sententias
682 1401 762 1452 esse
784 1377 1051 1452 conciliandas.
1087 1384 1182 1453 Sunt
1207 1381 1299 1452 enim

295 1498 362 1597 qui
389 1497 576 1584 scribant,
604 1496 688 1594 pari
716 1492 952 1569 firmitudine
982 1519 1064 1570 esse
1099 1497 1238 1570 callum
1260 1523 1299 1570 ac

295 1615 433 1714 quaevis
446 1639 533 1716 pars
546 1614 659 1698 ossis,
679 1603 773 1698 irtio,
799 1613 831 1684 si
849 1611 1033 1686 diametro
1049 1615 1111 1703 sit,
1129 1631 1173 1687 ut
1190 1639 1299 1714 saepe,

293 1759 408 1832 quarn
425 1758 490 1821 os,
508 1731 660 1828 majori,
686 1755 757 1829 pro
777 1729 952 1804 diametri
972 1747 1180 1830 augmento
1201 1749 1300 1806 tanto

293 1875 373 1924 esse
387 1850 658 1938 robustiorem,
673 1847 790 1944 idque
798 1849 988 1946 sapienter
998 1872 1077 1922 esse
1088 1853 1299 1948 provisum,

292 1971 380 2068 quia
397 1967 512 2043 fracta
533 1991 616 2041 ossa
641 1989 727 2042 cum
746 1966 926 2038 rarissimi
948 1967 1158 2041 secundnm
1177 1971 1300 2068 pristi-

290 2111 380 2160 nam
401 2087 648 2158 directionem
663 2099 918 2181 reponantur,
938 2083 992 2156 ibi
1007 2083 1181 2185 alioquin
1197 2113 1300 2162 nove
1363 2167 1364 2174 χ

289 2204 461 2282 fracturae
478 2203 595 2300 magis
612 2215 736 2274 essent
755 2199 940 2292 obnoxia,
965 2201 1185 2302 ibidemque
1206 2205 1301 2280 diffi-

250 2341 267 2372 ¹
290 2323 361 2397 cile
388 2323 526 2394 iterum
554 2333 710 2418 possent
729 2319 956 2412 coalescere,
983 2337 1187 2421 propterea
1211 2327 1321 2422 quia

289 2440 407 2514 callus
427 2455 615 2512 structura
632 2453 734 2510 caret
754 2437 946 2510 vascuiari.
967 2443 1059 2531 Quas
1082 2455 1125 2511 ut
1144 2463 1301 2540 sepona-

286 2583 390 2644 mus,
408 2573 490 2630 turn
508 2559 597 2654 quia
613 2554 827 2628 secundum
838 2556 995 2629 Hamelii
1005 2557 1159 2655 quidem
1174 2559 1301 2634 obser·

283 2677 454 2752 vationes
466 2699 546 2746 non
559 2699 604 2746 ex
618 2697 722 2762 osse,
750 2698 876 2770 neque
894 2699 939 2746 ex
957 2674 1073 2762 callo,
1091 2674 1156 2748 sed
1172 2701 1218 2748 ex
1233 2703 1300 2776 pe·

284 2797 433 2881 riostio,
453 2810 494 2866 ut
519 2791 700 2880 diximus,
724 2792 844 2864 callus
872 2789 1025 2864 videtur
1047 2794 1299 2891 repetendus,

284 2928 365 2986 tum
385 2913 564 3009 quianon
582 2907 761 3007 ignobilis
774 2905 1298 3007 chirurgusafiirmat,·fracto

282 3030 410 3128 priore
426 3027 521 3100 catto
542 3027 702 3100 alterurn
720 3026 831 3100 citius.
847 3049 961 3123 quarn
978 3029 1105 3124 prior,
1119 3026 1297 3119 formari,

282 3145 452 3242 illudque
466 3168 587 3214 nuum
609 3142 671 3220 hic
685 3142 953 3232 attendamus,
963 3145 1101 3218 cattum
1124 3143 1201 3220 dici
1216 3173 1296 3222 non

281 3264 409 3336 minus
426 3261 555 3337 saltent
574 3285 689 3357 quam
707 3285 750 3332 os
767 3259 914 3358 ipsum,
933 3263 1168 3334 resistentem
1184 3278 1223 3336 et
1237 3265 1297 3338 iir-

281 3404 387 3458 mum
400 3405 409 3465 ;
423 3394 515 3460 ,sunt
528 3394 628 3454 certe
641 3378 703 3452 alii
717 3392 754 3450 et
773 3401 922 3476 graves,
940 3393 977 3451 et
996 3380 1127 3478 plures
1143 3383 1215 3453 viri
1229 3381 1296 3482 qui

279 3521 366 3591 curn
377 3497 492 3572 hacne
502 3499 658 3573 minime
671 3499 1293 3596 consentientiaproponunt.Vide

278 3617 402 3708 enim,
421 3631 464 3700 ut
474 3614 604 3696 Celsus
625 3613 679 3712 (t)
693 3613 740 3696 ad
756 3617 916 3689 nimium
936 3616 1003 3714 qui
1026 3614 1174 3692 ossibus
1189 3635 1292 3696 recte

315 3989 358 4077 (t)
377 3992 413 4046 In
425 3988 485 4057 fine
498 4005 524 4056 e.
540 4005 577 4056 ro
594 3990 686 4067 paulu
700 3989 831 4050 anterit-
