2836 4648
307 421 381 508 632
472 449 520 500 oe
546 448 691 500 srnrrus
716 447 765 522 rr
784 445 909 498 ctusrs
933 445 1147 499 notrorum

310 563 510 666 proponit,
550 583 665 661 quarn
694 563 776 662 ipse
806 561 909 634 vidit.
946 566 1097 664 Legesis
1124 563 1317 656 eamdem,

306 699 423 780 atque
455 680 612 756 alteram
641 703 725 776 quae
749 679 878 778 paucis
902 681 1116 778 postillam
1140 684 1257 756 annis
1280 707 1318 757 se

309 800 449 874 obtulit
465 799 616 896 egregio
625 796 810 896 Lipsiensi
819 794 1028 896 'professori
1037 798 1242 898 Ludwigio
1253 801 1317 898 (ι).

306 916 463 992 Videbis
480 917 520 988 in
538 913 609 989 hac
626 913 799 992 aliaossa
816 927 894 988 tarn
912 915 1039 988 mollia
1060 914 1184 1006 facta,
1207 925 1254 992 nt
1269 920 1320 991 le·

306 1035 405 1108 riori
431 1033 537 1134 digiti
564 1033 804 1132 impressioni
832 1031 1037 1122 cederent,
1068 1033 1144 1106 alia
1179 1035 1323 1109 lamina

305 1167 463 1236 externa
498 1147 593 1222 adeo
625 1162 847 1238 extenuata,
886 1163 929 1222 ut
963 1149 1144 1248 subjectae
1175 1149 1321 1226 cellulae

306 1268 487 1366 transpici
501 1279 673 1366 possent:
685 1266 724 1336 in
738 1265 802 1338 itta
817 1273 908 1356 vero
924 1257 1097 1340 earndem
1115 1283 1319 1342 externam

305 1385 484 1458 laminam
517 1379 706 1456 redactam
733 1381 872 1456 alicubi
901 1383 950 1456 ad
979 1383 1142 1458 formam
1176 1389 1322 1486 vagina

183 1571 185 1576 ,
305 1501 557 1576 membraneo
585 1502 626 1572 in
643 1501 734 1600 ipsis
760 1497 935 1588 femoris,
959 1517 997 1575 et
1019 1501 1119 1574 tihiae
1147 1505 1322 1594 ossibus,

302 1621 426 1700 solida
440 1641 574 1693 eorum
591 1618 798 1691 substantia
808 1616 1007 1709 dissoluta,
1019 1633 1056 1692 et
1065 1621 1107 1692 in
1120 1623 1322 1720 sanguinis

237 1775 243 1792 ·
301 1739 523 1842 alveum‚ut
548 1735 764 1824 videbatur,
795 1737 932 1826 relata,
960 1751 998 1812 et
1029 1761 1099 1838 per
1131 1737 1224 1812 lotii
1248 1741 1322 1812 rias

306 1859 423 1956 ejecta
435 1879 446 1939 ;
458 1855 572 1953 hujus
591 1855 694 1928 enirn
708 1853 963 1928 sedimentnm
979 1854 1139 1928 mirifica
1154 1873 1244 1930 erat
1261 1883 1323 1932 co·

305 1975 388 2074 pia,
405 1988 442 2046 et
457 1987 550 2048 tunc
567 1971 722 2067 majori,
740 1995 826 2044 eum
844 1973 953 2070 pejus
964 1970 1136 2044 membra
1153 1997 1197 2046 se
1211 1973 1322 2052 habe

303 2091 421 2180 bant,
441 2103 577 2164 natura
592 2103 718 2162 autem
737 2087 938 2187 peculiari,
961 2087 1090 2161 album
1116 2089 1318 2182 videlicet,
1410 2153 1411 2182 t

247 2243 250 2248 ¹
304 2223 493 2293 terreum,
508 2220 742 2293 cretaceum,
759 2221 796 2278 et
811 2229 881 2305 per
895 2220 1058 2295 acetum,
1075 2207 1199 2280 aliave
1212 2210 1320 2284 acida
1410 2191 1411 2232 ³

280 2323 499 2414 'solubile,
541 2312 756 2424 eujusmodi
792 2321 1021 2398 humoribus
1053 2324 1199 2421 injecta
1238 2351 1319 2400 ossa

304 2441 489 2532 emolliri,
506 2455 652 2514 constat
663 2439 733 2540 (α).
744 2443 833 2515 -Hn'ec
845 2465 932 2514 eum
947 2441 1140 2540 perleges,
1159 2441 1318 2518 fortasse

304 2559 376 2634 tibi
396 2559 668 2635 observationis
705 2559 839 2634 Zelleri
869 2558 939 2656 (3)
971 2561 1097 2632 veniet
1132 2560 1175 2632 in
1209 2587 1318 2634 men-

305 2694 395 2752 tem.
429 2682 537 2750 Aoor
563 2677 684 2764 enim,
709 2683 776 2774 qui
804 2679 1006 2775 expirabat
1036 2701 1086 2750 ex
1113 2677 1318 2754 abdomine
1409 2739 1410 2766 p

305 2810 439 2896 aperto
458 2793 696 2868 undecennis
708 2795 839 2893 pueri,
860 2799 1020 2892 insignis
1032 2791 1247 2868 admodum
1260 2812 1317 2868 at·
1409 2777 1410 2800 ³

304 2938 379 3012 que
393 2917 744 3012 penetrantissimus
764 2913 874 3008 fuit3
906 2923 985 2988 erat
1010 2926 1138 2986 autern
1166 2914 1202 2984 is
1219 2938 1315 3012 puer

304 3025 530 3120 rechitieus,
548 3031 705 3129 ejusque
728 3053 814 3121 osso
838 3027 936 3102 adeo
949 3027 1103 3120 mollia,
1119 3043 1165 3100 ut
1183 3032 1316 3106 tibiam

304 3151 557 3236 incurvatam,
572 3145 736 3244 ,aliaque
752 3145 872 3238 facili
897 3143 1039 3245 levique
1069 3170 1192 3246 opera
1220 3150 1315 3222 scal·

300 3261 406 3362 pello
426 3259 822 3360 discinderepotuerit.
841 3265 1085 3361 Quapropter
1100 3267 1233 3338 minus
1250 3268 1315 3338 mi·

305 3405 391 3454 rum
411 3377 504 3472 fuit,
533 3377 658 3475 quod,
675 3394 719 3450 ut
743 3378 915 3458 rachitici
943 3380 1083 3470 solent,
1102 3381 1207 3454 eirca
1232 3386 1316 3456 arti·

212 3737 215 3742 -
345 3697 390 3778 (1)
410 3703 514 3778 Progr.
531 3698 650 3756 observ.
669 3698 703 3754 in
725 3697 828 3756 cedar.
851 3696 937 3772 enjus
958 3714 1026 3756 ossa
1049 3701 1187 3759 emollita
1210 3711 1315 3774 mat,

301 3811 434 3876 propon.

344 3877 389 3957 (a)
409 3878 480 3938 vid.
494 3878 587 3956 Epist.
605 3875 660 3950 58,
676 3896 750 3952 n„7.

344 3975 389 4060 β)
410 3959 527 4058 Diepnt.
542 3979 580 4042 de
590 3977 708 4041 mortis
721 3997 757 4040 ex
768 3986 918 4040 strnotora
929 3977 1097 4058 gnadun.
1112 3999 1140 4039 e.
1155 3998 1190 4058 a,
1205 3999 1237 4042 n.
1256 3980 1300 4046 15.
