2836 4648
82 467 190 520 nrm.
208 459 715 552 nrtoornntstnmnsurm.
729 465 976 519 rmsruxvm.
1004 432 1075 540 645

4 555 11 683 l
84 579 1024 686 praecl.anatomicuslitterismandavitMeclrelius(
1050 589 1076 684 ).

6 702 11 716 '
83 707 176 774 Nam
196 703 319 773 iniens
332 701 420 798 aegri
439 698 637 794 utriusque
653 701 1098 798 oetas,acris‘quefames,'

4 794 10 838 ἱ
85 841 172 890 cum
190 817 327 888 morbo
350 813 569 911 conjuncta,
591 828 629 884 et
647 830 832 909 perstans,
849 843 970 916 usque
987 821 1082 896 adeo

8 913 12 956 ³
82 960 153 1034 ¹per
171 936 366 1007 interiores
377 933 540 1019 tunicas,
554 931 696 1002 ventris
708 935 931 1029 praesertim,
944 934 1083 1011 diffuso

84 1054 123 1124 iu
157 1034 443 1123 tuberculorum
481 1046 667 1135 modum,
703 1074 866 1146 quorum
904 1053 1085 1152 pleraque

4 1145 13 1256 l
84 1169 242 1244 sebacea
258 1167 438 1268 implebat
454 1167 625 1254 materia,
637 1165 732 1255 haec,
747 1169 918 1266 inquam,
928 1167 1086 1261 faciunt,

4 1271 14 1318 ³³
83 1305 126 1359 ut
147 1286 269 1358 abste
290 1271 440 1382 cupiam
466 1299 662 1380 utramque
691 1285 854 1358 conferri
878 1287 1096 1360 historiam.¹

4 1395 11 1438 l
82 1402 200 1496 Quod
220 1403 250 1475 si
271 1403 342 1474 viri
355 1403 455 1472 illius
472 1401 703 1472 solertissimi
721 1403 761 1472 iu
778 1427 847 1492 eo,
863 1399 1029 1506 itemque
1047 1407 1087 1476 in

47 1576 49 1580 .
82 1523 204 1594 altero
224 1518 385 1616 aethiope
416 1517 470 1614 (α)
496 1532 705 1606 accuratas,
737 1519 842 1616 quod
874 1519 921 1590 ad
950 1547 1087 1593 eorum

4 1635 16 1680 ἱ
84 1663 242 1737 quoque
261 1635 496 1734 nigredinem
511 1649 668 1733 spectat,
684 1628 963 1708 ohservationes
976 1639 1088 1711 simul

4 1755 12 1800 l
82 1754 304 1854 perlegens,
342 1750 439 1824 forte
467 1751 664 1824 miraberis
694 1752 734 1820 in
767 1752 829 1823 illa
862 1755 1086 1851 apoplectici
1166 1759 1171 1779 ‘

4 1879 10 1920 i
83 1871 279 1970 aethiopis,
291 1893 404 1968 quam
419 1868 487 1941 tibi
505 1869 595 1940 olim
614 1871 698 1940 misi
715 1868 770 1966 (3)
786 1885 872 1941 ante
892 1871 961 1943 hos
976 1874 1089 1970 quin-

4 1998 16 2040 l
84 1990 269 2088 quaginta
293 2011 413 2058 anuos
430 1989 596 2059 Venetiis
619 1985 766 2076 habita,
790 1986 1013 2060 dissectione
1029 1989 1092 2061 ad-

7 2113 17 2158 l
85 2121 263 2178 notatum
275 2103 370 2175 nihil
381 2101 495 2176 fuisse
513 2104 560 2174 de
572 2103 967 2201 nigrescentibus‚aut
979 2104 1093 2178 fuscis

4 2231 18 2284 l
85 2227 131 2296 iu
166 2223 371 2320 aethiopum
410 2219 567 2292 cerebro
602 2221 799 2318 partibus,
842 2221 1012 2319 nihilque
1029 2202 1095 2294 ‘de

4 2361 13 2404 2=
86 2365 227 2414 eorum
256 2339 364 2438 nigro
396 2339 542 2435 potius,
570 2363 684 2434 quam
719 2337 857 2427 rubr0,
894 2341 1095 2436 sanguiue,

4 2475 18 2524 t
86 2459 187 2532 scias
206 2457 337 2544 velim,
363 2455 522 2526 cadaver
538 2453 632 2525 illud
650 2471 736 2527 ante
756 2471 905 2528 noctem
928 2457 1096 2530 incidere

11 2565 26 2638 ,ἴ
85 2599 175 2647 non
200 2573 370 2659 licuisse,
403 2571 526 2672 lucem
557 2586 681 2642 autem
708 2573 838 2661 aliam,
864 2576 981 2660 nosti,
1015 2597 1096 2647 esse

8 2713 17 2762 t
87 2689 185 2765 solis
205 2703 241 2762 et
255 2689 503 2786 lychnorum,
523 2713 593 2760 nec
612 2691 752 2786 pariter
768 2689 915 2761 licuisse
936 2689 1038 2762 aliud
1055 2691 1097 2761 in

5 2795 70 2886 s
85 2821 289 2908 posterum
316 2805 418 2876 diem
451 2830 616 2893 servare,
639 2806 710 2878 nisi
736 2807 831 2877 cutis
859 2820 896 2876 et
925 2807 1097 2878 cuticulae

4 2961 11 3005 ι
86 2937 288 3021 segmenta
312 2923 502 3019 quaedam‚'
526 2924 567 2993 in
593 2917 732 3019 quibus
757 2922 851 2994 mihi
868 2922 972 3018 quid
1004 2925 1100 2994 acci·

4 3072 17 3128 ;,ε
87 3039 194 3113 derit
213 3038 361 3126 videre,
387 3040 427 3109 in
448 3039 677 3112 Adversariis
706 3038 780 3136 (d)
802 3053 856 3112 est
878 3038 1099 3116 indicatum.
1154 3092 1157 3099 -

4 3195 14 3244 r
87 3154 169 3232 Sed
186 3154 233 3226 de
251 3154 328 3245 his,
346 3157 445 3228 etde
464 3156 632 3228 cuticulae
661 3139 799 3228 natura¹
811 3179 936 3253 neque
957 3155 1019 3228 hic
1044 3173 1100 3232 est

4 3317 13 3360 ς,
89 3271 297 3348 scribendi
322 3273 449 3362 locus,
479 3297 605 3370 neque
639 3289 747 3346 antea
780 3272 887 3345 facile
918 3274 1100 3364 scribam,

4 3438 16 3484 l·
90 3371 215 3489 quem
246 3403 311 3460 aut
338 3389 547 3464 dissecandi
574 3389 744 3488 aethiopis
777 3390 915 3462 iterum
945 3389 1101 3498 faculteq

4 3557 13 3604 ι
65 3617 70 3635 l
