2732 4654
103 413 172 460 ur.
188 412 238 460 1v.
255 405 448 458 arnonius
462 405 660 470 oniense,
675 397 744 454 etc.
759 406 871 455 misr.
887 409 960 456 mx.
989 383 1059 484 319

54 522 198 614 furere3
217 549 304 598 cum
327 549 414 594 eum
437 547 515 592 non
535 522 781 617 compungit.
808 546 887 593 non
920 520 1058 595 furere.

56 652 135 742 Ego
150 669 240 716 vero
259 669 306 714 ne
325 657 406 716 tum
432 639 586 737 quidem
608 637 639 709 si
660 664 777 712 essem
800 640 839 709 in
859 640 973 736 hujus
986 643 1062 711 ani·

56 763 207 834 malculi
224 761 450 832 dissectione
469 758 528 829 vel
549 759 955 845 maximeexercitatus,
971 758 1063 828 mihi

54 896 201 952 tantum
242 902 450 964 sumerem,
487 891 530 946 ut
564 876 602 946 in
635 875 868 948 dissensione
894 878 1059 947 virorum

59 999 125 1094 qui
144 1021 254 1096 pares
275 1011 380 1066 aetate
404 993 475 1066 hac
497 995 652 1064 minime
678 991 895 1065 habuerunt
919 996 960 1066 in
983 1019 1064 1092 per-
1135 1081 1137 1092 Ι

57 1113 204 1186 difficili
234 1113 465 1184 insectorum
497 1110 675 1198 historia,
711 1111 853 1207 aliquid
886 1111 1063 1184 adversus

58 1233 282 1304 alterutrum
299 1230 596 1328 pronunciarem
603 1253 613 1318 ;
627 1227 692 1300 sed
703 1231 846 1327 potius,
868 1231 1063 1326 qnodmea

59 1375 148 1448 erga
171 1349 392 1424 memoriam
409 1347 607 1443 utriusque
622 1346 860 1418 observantia
879 1335 1065 1444 postulat,

59 1467 189 1539 darem
207 1489 384 1563 operam,
402 1465 509 1561 siqua
525 1462 618 1535 fieri·
631 1463 669 1534 id
685 1479 836 1562 posset,
852 1480 893 1536 ut
908 1489 1064 1563 compo-

58 1600 215 1658 neretur
233 1583 431 1678 utriusque
449 1583 656 1668 sententia,
683 1582 797 1653 simul
820 1581 867 1653 ad
889 1585 1067 1656 crassius-

57 1702 187 1776 culum
212 1714 486 1801 compunctum
508 1723 697 1787 nervum,
718 1701 829 1774 simul
859 1699 905 1770 ad
939 1726 1063 1773 acrem

60 1819 280 1892 instillatum
308 1842 463 1889 succum
487 1815 745 1915 respiciend0,
780 1819 809 1888 si
839 1815 935 1888 forte
960 1817 1063 1889 hunc

59 1965 106 2012 ex
126 1936 218 2008 asilo
244 1934 417 2038 alicunde
443 1936 482 2004 in
516 1935 656 2005 vulnus
683 1935 866 2023 existere,
895 1937 1065 2008 invenire
1130 2029 1132 2034 ,

60 2078 226 2156 possem,
237 2078 355 2150 eaque
370 2053 516 2124 ratione
528 2051 751 2150 scrupulum
762 2051 964 2148 quemdam
974 2055 1067 2125 mihi

62 2173 217 2271 penitus
228 2170 405 2258 evellere,
434 2168 534 2240 factu
558 2167 779 2268 perdifficile
804 2170 988 2260 eredenti,
1018 2197 1065 2244 ne

61 2287 224 2362 bubulci
244 2312 399 2386 quoque
418 2287 593 2360 stimulus
611 2288 650 2358 in
678 2289 962 2362 crassiusculum
982 2315 1069 2362 ner·

63 2432 157 2479 vum
183 2431 351 2502 unquam
386 2404 547 2494 incidat,
581 2404 794 2504 bovemque
832 2407 872 2477 in
901 2403 1067 2479 furorem

65 2539 161 2623 agat.
177 2527 386 2598 Nuncvero
404 2524 541 2594 summi
557 2523 628 2592 viri
639 2526 895 2619 conjecturam
914 2525 962 2595 ab
979 2527 1070 2597 asilo

64 2644 115 2714 ad
134 2645 344 2740 scorpium,
359 2643 397 2710 in
417 2663 494 2737 quo
518 2656 718 2738 utramque
736 2665 966 2739 componere
986 2667 1070 2714 sen-
1121 2727 1124 2735 Ι

63 2761 221 2834 tentiam
236 2760 341 2846 licet,
352 2755 639 2844 transferentes,
654 2759 780 2856 gravia
798 2781 843 2831 ex
857 2760 934 2829 ictu
952 2759 1066 2854 hujus

66 2896 160 2952 tunc
190 2876 286 2947 mala
322 2877 450 2974 sequi,
488 2878 567 2948 veri
607 2875 775 2948 similiter
815 2876 1072 2974 suspicamur,

68 3021 157 3068 cum
176 2993 423 3066 crassiusculo
437 2994 598 3092 cuipiam
618 3017 754 3080 nervo,
779 3007 843 3064 aut
866 2993 927 3064 alii
945 2997 1071 3092 exqui-

69 3115 129 3186 siti
146 3135 277 3186 sensus
298 3113 396 3208 parti
419 3111 530 3182 simul
556 3112 695 3181 vulnus
713 3109 865 3212 infligit,
884 3113 1071 3211 simulque

70 3230 296 3302 acerrimum
311 3253 498 3300 venenum
508 3230 683 3301 immittit.
701 3230 795 3300 Sane
810 3245 889 3299 tuin
901 3232 1073 3326 animalia

71 3373 153 3446 quae
185 3345 275 3416 hinc
300 3362 448 3417 mortua
469 3349 759 3420 memoravimus
779 3346 855 3444 (t),
885 3362 964 3418 tum
991 3373 1073 3445 quae

73 3464 213 3536 Redius
231 3465 291 3561 (a)
317 3489 386 3562 per
402 3460 610 3536 africanum
640 3466 880 3562 scorpionem
915 3465 1072 3552 occidit,

74 3582 253 3656 convulsa
270 3583 435 3681 periere,
454 3599 536 3654 tum
562 3583 739 3654 convulsa
762 3605 917 3678 qnoque
938 3608 979 3654 ea
999 3609 1078 3656 mu-

715 3761 1082 3780 affl·

115 3869 160 3946 (t)
182 3872 298 3944 Supra,
310 3887 341 3922 n.
357 3867 405 3924 25.
667 3942 669 3949 Ι

116 3967 161 4048 (a)
180 3970 284 4044 Esper.
297 3985 387 4044 supra
398 3966 438 4024 ad
452 3985 483 4023 n.
500 3966 535 4024 23
551 3966 599 4023 cit.
