2700 4660
278 410 359 464 ‘too
455 413 502 462 nr
528 411 673 464 surmus
697 413 741 460 nr
767 395 891 460 clusis
915 409 1125 460 uonnonntr

281 525 489 604 ,humorem
507 525 708 622 quemdam
721 524 831 596 diluti
848 526 966 596 instar
982 522 1191 622 sanguinis,
1201 524 1285 594 emi·

291 645 390 716 sisse.
412 641 498 715 Vidi
519 657 647 740 postea
663 657 700 713 et
719 665 789 740 ego
804 641 868 712 illa
887 665 988 713 ossa:
1012 665 1100 712 nam
1117 640 1281 713 Valsalva

291 774 562 846 asservaverat,
588 758 751 858 oblonga
771 757 925 856 quidem
945 759 985 828 in
1003 783 1112 832 arcus
1133 756 1284 829 modurn

258 923 260 928 ,
293 891 461 966 curvata,
485 902 530 948 ex
548 876 592 947 iis
607 891 734 948 autem
753 901 835 972 quae
854 873 1020 948 fecerant
1041 875 1159 948 cranii
1178 872 1285 974 forni-

295 1017 376 1066 cem
405 993 445 1064 in
470 993 625 1090 planum
653 992 848 1091 depressa,
872 989 973 1064 foedo
1006 993 1157 1078 omnia,
1180 991 1285 1063 etiam

296 1111 384 1208 quia
404 1111 534 1182 intime
560 1111 713 1209 purgari
740 1135 820 1182 non
858 1124 1078 1208 potuerant,
1107 1110 1232 1180 colore
1253 1120 1287 1178 et

296 1225 429 1314 odore,
459 1241 495 1298 et
512 1229 828 1300 contrectantium
846 1251 981 1299 manus
1013 1228 1204 1325 urgentia.
1220 1223 1286 1296 Sed

294 1368 381 1416 cum
396 1368 417 1414 a
430 1343 546 1442 longo
562 1346 638 1442 jam
649 1360 820 1443 tempore
839 1359 1024 1417 asservata
1040 1358 1185 1430 essent3
1202 1365 1288 1412 non·

295 1461 400 1532 nulla
412 1486 495 1558 quae
514 1463 554 1532 in
574 1461 791 1533 recentibus
809 1477 922 1558 atque
939 1460 1033 1532 adeo
1052 1463 1092 1530 in
1115 1459 1287 1532 cadavere

293 1578 378 1675 ipso
405 1579 649 1675 quaesiissem,
677 1577 805 1650 videre
835 1603 915 1678 non
947 1579 1076 1676 potui:
1099 1601 1181 1674 qnae
1197 1577 1288 1648 inter

293 1695 387 1766 illud
400 1693 546 1786 fuisset,
564 1695 760 1793 quomodo
779 1719 911 1768 eorum
932 1696 1053 1796 capita
1069 1696 1109 1766 in
1128 1692 1286 1766 articulis

294 1836 333 1886 se
348 1812 553 1902 baberent,
572 1813 679 1886 idest
697 1814 843 1900 minus,
862 1837 909 1884 an
933 1813 1050 1910 magis
1067 1826 1192 1884 essent
1211 1833 1287 1880 mn-

295 1930 454 2029 cilagine
478 1933 652 2020 inuncta,
685 1931 735 2002 ob
769 1932 953 2027 crepitum
981 1928 1088 2019 illum
1117 1927 1286 2000 videlicet

199 2064 201 2074 ’
265 2029 268 2034 ’
297 2049 363 2145 qui
386 2047 433 2120 ad
463 2049 657 2136 articulos,
688 2073 775 2120 cum
807 2047 877 2119 hos
902 2071 998 2145 aegra
1025 2053 1220 2134 moveret,
1244 2041 1286 2116 ab

296 2164 545 2236 assidentibus
568 2163 859 2238 exaudiebatur:
884 2164 1004 2234 multo
1034 2177 1156 2236 autem
1178 2161 1287 2259 magis

299 2279 494 2377 quomodo
508 2303 546 2352 se
565 2279 749 2352 haherent
764 2280 942 2377 genitales
960 2294 1084 2379 partes
1098 2279 1138 2352 in
1157 2277 1286 2351 femina

299 2423 412 2496 qnam
446 2400 507 2474 lue
534 2425 694 2472 venerea
731 2397 905 2474 iniectam
939 2400 1033 2472 adeo
1053 2397 1165 2474 fnisse
1197 2400 1287 2472 dice·

183 2530 191 2536 “
215 2585 216 2588 ,
297 2515 460 2604 bant,ut
474 2515 561 2592 inde
572 2518 703 2589 vitium
719 2517 793 2591 hoc
804 2534 950 2592 tantum
963 2521 1103 2592 ossium
1115 2520 1287 2604 extitisse,

207 2727 214 2736 .
297 2657 376 2705 non
392 2633 619 2708 dubitarent.
948 2615 950 2621 Ι

333 2751 381 2822 ·6.
396 2755 655 2824 Vetustissima
671 2767 912 2851 suppeterent
924 2753 1094 2824 mollium
1109 2751 1285 2826 factorum
1347 2809 1348 2816 κ

297 2868 549 2940 humanorum
559 2871 698 2984 ossium
714 2863 938 2967 epempla‚si
949 2869 1049 2966 quod
1062 2871 1285 2966 Sac'hsius(r)

295 2985 445 3087 videtur
468 3009 555 3056 cum
573 2989 684 3058 Petro
714 2988 742 3057 a'
767 2990 895 3058 Castro
925 2987 1156 3075 existimare,
1191 2986 1284 3056 hunc

297 3102 475 3174 morbum
494 3101 540 3173 ab
557 3104 747 3176 Arabibus
755 3118 929 3174 vocatum
947 3127 1025 3178 esse
1043 3101 1242 3186 al-Aehad
1253 3114 1284 3172 et

299 3219 527 3292 al-Zemena
537 3275 547 3309 ,
558 3236 594 3292 et
609 3235 778 3292 curatum
794 3223 844 3292 ab
862 3224 1071 3309 Avicenno,
1085 3235 1282 3296 constaret:

300 3353 343 3409 ut
357 3319 505 3412 constat
516 3364 560 3410 ex
573 3338 729 3412 Andreae
744 3339 975 3410 Bellunensis
985 3341 1283 3436 interpretatione

298 3480 380 3553 quae
408 3479 494 3526 cum
526 3457 715 3529 Avicenna
740 3456 838 3528 edita
863 3471 945 3542 est,
977 3456 1091 3528 latina
1126 3456 1284 3527 arabico·

293 3597 381 3644 rum
404 3573 601 3644 nominum
620 3573 776 3647 adaucta
799 3572 876 3671 (a),
896 3571 1120 3662 Alzemena,
1138 3575 1197 3645 vel
1222 3577 1285 3643 Za·

309 3744 1288 3772 ..amm

334 3853 379 3928 (ι)
400 3857 433 3910 In
450 3853 541 3913 schol.
557 3857 595 3913 ad
606 3857 671 3912 obs.
686 3857 733 3928 37,
748 3853 783 3915 A'.
802 3877 836 3946 a,
848 3858 919 3916 Dec.
937 3879 963 3932 1,
977 3853 1052 3936 Eph.
1071 3859 1110 3916 N.
1123 3859 1159 3916 C.

280 3963 283 3970 '
336 3950 379 4033 (a)
399 3954 448 4012 Ad
460 3974 564 4014 vocem
573 3955 720 4014 Alachad.
757 3951 763 3960 ’
