2732 4654
246 443 317 518 326
411 465 458 512 un
484 459 631 512 santius
656 461 700 508 m
725 453 851 507 ctusls
875 455 1087 504 notionum

243 597 367 651 tamen
389 577 577 675 judicium
609 574 1042 672 temporipermittere,
1077 566 1188 667 quod
1223 580 1269 642 ut
1309 627 1314 636 .

210 785 213 794 ‚
245 698 463 780 certiorem,
482 710 519 766 et
537 693 667 764 utilem
677 692 756 761 nim
772 715 961 761 novorum
977 687 1270 774 remediorum,

246 810 570 912 quemadmodum
612 809 764 880 corticis
800 807 1018 904 peruviani,
1055 805 1106 876 ita
1140 795 1269 876 ambi¹

249 957 383 1030 guam,
414 946 451 1002 et
485 928 758 1028 periculosam,
787 922 1113 1023 quemadmodum
1140 938 1269 995 traus-

247 1047 407 1123 fusionis
423 1047 615 1145 sanguinis
638 1044 931 1132 demonstravit,
951 1057 988 1114 et
1008 1067 1057 1113 ne
1078 1066 1099 1110 a
1117 1065 1272 1138 propo-

247 1167 321 1244 sita
335 1165 490 1236 materia
524 1151 684 1260 longius
703 1161 903 1249 abeamus,
933 1159 1267 1258 quemadmodum

248 1298 306 1354 tot
321 1283 391 1353 alia
412 1280 591 1352 adversus
601 1295 806 1352 venenatos
815 1279 1035 1385 animalium
1055 1280 1153 1351 ictus
1170 1279 1265 1350 olim

251 1399 512 1486 commendata
539 1396 709 1495 praesidia
732 1397 881 1467 inutilia
912 1420 990 1467 esse
1018 1396 1205 1486 ostendit,
1229 1413 1267 1469 et

253 1517 444 1606 oblivione
462 1529 565 1586 tanta
583 1514 730 1601 obruit,
747 1527 807 1602 ut,
822 1513 983 1611 exempli
1006 1535 1140 1602 causa,
1158 1514 1266 1612 quod

252 1633 440 1708 Abbatins
460 1631 516 1731 (r)
542 1647 737 1731 expertum
760 1657 837 1702 esse
863 1632 1028 1728 scripsit,
1058 1631 1269 1702 admodum

244 1751 446 1858 prodesse,
459 1768 497 1823 et
511 1757 665 1823 Patavii
674 1750 830 1849 quidem
846 1765 1061 1848 expertum,
1077 1775 1150 1848 ego
1164 1759 1263 1851 intra

249 1891 371 1944 annos
398 1869 677 1980 propemodum
704 1870 980 1966 quinquaginta
1011 1893 1057 1938 ex
1088 1895 1168 1966 quo
1198 1870 1262 1939 hic

251 2013 406 2077 versor,
423 2014 621 2085 nunquam
642 1988 846 2060 memorari
859 2011 878 2057 a
889 2009 1105 2083 quoquam,
1122 1985 1262 2058 nedum

228 2189 233 2192 ,
253 2106 443 2194 adhiberi,
463 2093 682 2178 audiverim.
706 2109 838 2200 ltaque
856 2107 945 2175 anni
958 2105 1019 2174 vix
1040 2107 1153 2201 pauci
1174 2129 1262 2202 prae-

222 2317 225 2320 ·
252 2217 454 2313 terierant,
471 2249 556 2296 cum
567 2225 689 2321 Regiae
709 2224 957 2315 Scieutiarum
975 2222 1184 2293 Academiae
1204 2227 1262 2293 Pa·

253 2341 691 2414 risiensiCommeutaria
711 2337 838 2436 illa(a)
854 2327 1104 2438 prodierunt:
1122 2367 1166 2412 ex
1180 2341 1260 2438 qui-

250 2455 326 2530 bus
348 2482 419 2555 per
438 2458 694 2556 experimenta
716 2457 760 2528 el.
782 2459 952 2528 virorum
984 2455 1205 2557 Geoflroyi,
1227 2469 1261 2531 e't

249 2575 457 2649 H‘uuanldii
500 2575 804 2648 demonstratum
855 2599 934 2648 esse
988 2575 1262 2664 intelleximus,

151 2715 154 2720 ·
233 2717 365 2790 quam
381 2694 503 2783 lovea,
525 2709 562 2766 et
575 2693 699 2766 duh'iae
719 2681 873 2766 istarum
899 2719 944 2765 ex
969 2693 1054 2764 oleo
1072 2695 1262 2766 inunctio-

251 2835 345 2881 num
367 2811 441 2882 sint
459 2812 558 2882 vires
576 2837 585 2882 ε
611 2811 763 2908 hocque
784 2809 970 2909 judicium
1000 2827 1150 2882 rectum
1172 2837 1264 2900 esse,

253 2926 314 2997 vel
343 2927 550 3026 Anglorum
569 2929 739 3002 medicus
760 2928 1001 3024 doctissimus
1029 2927 1263 3002 confirmavit

126 3037 130 3042 ⁵
213 3080 216 3085 ·
255 3043 426 3126 Meadius
447 3045 514 3140 (3)
531 3046 605 3137 Qui
621 3048 767 3117 tametsi
792 3049 969 3144 viperinae
992 3051 1165 3146 axungiae
1178 3073 1265 3148 pro-

254 3159 478 3234 babiliorem
497 3161 647 3234 laudem
668 3163 783 3235 tribui
813 3190 922 3262 posse
945 3165 1114 3252 addidit3
1141 3181 1263 3238 tamen

254 3275 380 3373 neque
400 3277 497 3348 hanc
517 3281 752 3352 curationem
759 3283 887 3378 fidam
902 3308 1002 3372 esse,
1022 3284 1188 3380 ingenue
1200 3284 1263 3356 fas·

257 3417 319 3466 sus
335 3408 405 3479 est,
427 3410 463 3464 et
480 3411 522 3466 tu
537 3421 581 3467 ex
601 3397 719 3479 altero
729 3401 842 3499 'quod
861 3403 900 3470 in
918 3403 1140 3472 memoratis
1160 3427 1260 3472 com-

171 3584 174 3592 „
257 3512 451 3585 mentatiis
470 3516 587 3588 morsi
603 3513 770 3590 hominis
792 3517 1004 3620 profertur,
1024 3519 1199 3619 exemplo
1216 3516 1260 3590 fa·

103 3254 141 3314 Χ

141 3721 158 3742 w
253 3724 256 3727 ι
983 3719 986 3722 .
1057 3692 1251 3720 ..........-

188 3760 192 3794 ¹
293 3813 339 3892 (η)
358 3817 403 3873 De
415 3815 560 3874 admirab‘.
575 3817 686 3895 viperae
697 3829 820 3890 natura,
836 3840 863 3877 e.
877 3821 912 3878 31
927 3819 960 3878 iu
969 3794 1023 3880 θη

292 3913 336 3990 (a)
357 3918 517 3988 An.1737.

209 4049 215 4054 ·
291 4013 336 4096 (3)
356 4016 466 4094 Expos.
480 4014 615 4078 mechatus
627 4039 768 4084 tenerior.
787 4031 902 4094 tent-1.
1000 3991 1008 4019 l
