2746 4662
92 465 163 512 mr.
176 465 226 512 ιν.
245 465 292 512 ur
306 462 442 512 uonrus
458 453 732 528 carnusc.,etc.
748 461 861 512 misr.
872 463 959 512 tvu.
991 427 1060 512 ios

52 576 206 652 rhoides
226 578 412 678 expellere
431 580 607 665 nitentis3
626 594 727 650 certe
750 577 971 648 eorumdem
993 577 1061 649 ob··

54 696 326 769 servationihus
348 696 511 792 majores
536 695 812 795 praeluxerunt,
849 693 887 764 iu
921 693 1060 790 quibus

55 817 216 892 loannes
231 812 410 885 Zecchius
427 813 482 910 (r)
499 817 564 910 qui
584 814 750 898 ratione,
773 810 1060 909 etexperieutia

56 926 187 1019 fretus,
207 929 424 1028 sanguinem
439 955 483 1000 ex
501 929 576 1000 illis
591 929 697 1000 venis
715 943 909 1000 evocatum
926 933 1069 1027 nurum!

58 1053 91 1115 in
108 1047 263 1118 modum
287 1045 495 1118 ischiadicis
521 1043 705 1145 opitulari
721 1046 883 1142 scripsit.
913 1037 1062 1115 Mirabi-

57 1162 147 1234 liora
168 1163 272 1236 idem
290 1179 417 1236 narrat
442 1162 489 1234 de
510 1163 707 1236 celerrimo
737 1161 905 1258 ejusdem
936 1151 1062 1233 morbi

60 1279 181 1369 abitu,
206 1281 350 1354 sirena
369 1280 417 1352 ad
434 1280 729 1378 respondentem
762 1273 980 1352 malleolu'm
999 1306 1063 1350 ex-

60 1399 235 1470 teriorem
258 1415 414 1487 secetur,
433 1395 682 1469 confirmante
695 1391 806 1468 -haud¹
824 1399 874 1467 ita
892 1396 1064 1468 dissimili

62 1516 195 1586 Riverii
210 1516 264 1612 (a)
280 1515 553 1588 observatione.
574 1515 721 1613 Vidisse
741 1514 813 1586 hos
830 1539 912 1610 quae
938 1515 1064 1603 aiunt,

65 1635 143 1728 quis
162 1631 353 1726 inficietur
370 1635 385 1704 i
402 1637 502 1705 Num
520 1647 646 1704 tamen
666 1633 704 1702 in
726 1633 928 1728 exsangui,
952 1647 988 1702 ot
1008 1633 1064 1702 in·

64 1744 273 1822 firmissimo
289 1748 444 1821 homine
458 1747 501 1818 id
511 1763 632 1820 tentes
650 1747 755 1844 quod
774 1749 813 1816 iu
831 1747 989 1820 robusto
1002 1802 1011 1833 ,
1025 1762 1063 1822 et

68 1865 251 1963 sanguinis
263 1867 398 1964 pleno,
419 1879 483 1936 aut
502 1890 522 1935 a
544 1868 753 1963 suppressis
776 1863 1064 1934 haemorrhoidi-

68 1980 135 2054 bus
153 1982 360 2055 ischiadico
385 1981 506 2072 fact0,
527 1981 626 2052 bene
651 1982 724 2052 illis
744 1983 962 2054 successisse
989 2005 1068 2053 cre·

70 2098 180 2174 dibile
198 2101 285 2172 est?
309 2102 511 2198 Purgantia
530 2123 685 2197 quoque
709 2099 913 2197 pharmaca
936 2099 1014 2169 scio
1028 2111 1065 2170 te

67 2215 261 2290 arthriticis
284 2217 357 2289 illis
381 2241 460 2288 uon
486 2215 685 2302 daturum,
723 2241 887 2314 quorum
924 2213 1066 2314 co'rpus

69 2357 280 2419 exsuccum,
306 2335 481 2432 viresque
510 2332 736 2421 imbecilles,
759 2334 867 2430 nervi
891 2330 997 2404 facile
1023 2333 1064 2404 in

72 2475 290 2526 consensum
311 2451 502 2539 trahendi,
525 2450 759 2522 ventriculus
786 2449 952 2549 denique
969 2451 1001 2522 is
1019 2451 1066 2522 sit

75 2570 133 2664 qui
146 2569 234 2668 inde
257 2593 390 2668 capere
422 2569 691 2640 detrimentum
723 2569 851 2665 possit.
884 2563 956 2639 Sed
985 2591 1066 2637 non

76 2701 265 2784 propterea
292 2687 442 2758 illorum
469 2672 738 2783 quodcumque
764 2710 784 2755 a
808 2699 843 2755 te
864 2681 972 2754 credi
989 2708 1068 2753 om-

78 2803 196 2892 nibus,
224 2819 261 2876 et
283 2829 431 2902 semper
449 2804 663 2874 nociturum
693 2801 874 2872 existimo
902 2799 943 2870 ld
967 2801 1068 2872 enim

78 2921 105 2992 si
120 2901 235 3010 esset3
253 2920 487 2994 arthritidem
511 2912 707 3016 nunquam
719 2973 730 3009 ,
753 2944 801 2990 ne
824 2917 1069 3014 incipientem

78 3039 243 3135 quidem,
263 3039 492 3136 abegissent,
508 3053 572 3108 aut
586 3037 792 3108 arcuissent
810 3034 946 3106 medici
959 3036 1071 3134 pleri·

77 3181 144 3254 que
173 3157 419 3242 vetustiores,
454 3171 496 3226 ut
531 3155 596 3252 qui
622 3157 845 3252 purgatione
872 3155 910 3224 in
939 3153 1071 3251 primis

78 3259 160 3347 usos
183 3291 390 3370 utrumque
411 3297 448 3346 se
470 3273 681 3370 prastitisse
710 3286 904 3345 testantur.
925 3273 979 3342 Ne
997 3273 1072 3342 sin·

78 3393 176 3489 gulos
196 3394 412 3478 nominem,
434 3388 519 3460 lacit
543 3413 675 3462 eorum
701 3389 839 3460 assecla
858 3389 1073 3460 Demetrius

76 3513 373 3609 Pepagomenus,
406 3507 598 3582 Michaelis
625 3505 821 3602 Palaeologi
849 3505 1069 3598 Archiater,

84 3717 1068 3746 ..n-—ss———u-mm

115 3876 156 3956 (r)
172 3880 303 3938 Consult.
320 3878 399 3934 med.
420 3879 467 3943 43.

116 3989 155 4072 (a)
174 3995 257 4055 Cent-
272 4012 308 4067 a,
324 3994 389 4052 obs.
401 3989 482 4056 med.
498 3989 548 4052 25.
