2782 4652
218 432 223 438 ’
295 431 366 532 394
462 458 509 505 ns
535 455 680 505 sturnos
704 458 749 504 rr
773 455 898 505 crusis
921 452 1129 504 moruorum

296 572 525 662 decesserat,
548 575 647 644 circa
670 572 816 643 initium
843 569 1055 644 decembris
1072 572 1164 644 anni
1178 577 1279 670 1744,

170 717 177 732 ‘
227 689 231 700 “
294 689 374 788 qu'o
396 690 450 763 ihi
468 705 638 790 tempore
660 687 835 761 studiosis
854 685 1157 762 adolescentibus
1170 705 1280 789 partes

295 807 477 905 quasdam
504 807 662 880 humani
686 807 856 905 corporis
885 805 1140 880 ostendebam.
1166 807 1282 894 Plura,

292 940 336 997 ut
364 925 493 997 solitus
512 946 619 1009 sum,
647 924 845 1022 diligenter
872 923 1097 1012 sciscitatus,
1128 923 1191 994 vix
1217 923 1282 996 hac

294 1043 390 1114 scire
405 1041 530 1140 potui,
554 1056 641 1114 ante
659 1040 738 1114 dies
759 1039 914 1142 triginta
927 1041 1127 1140 apoplexia
1143 1065 1283 1139 correp·

294 1175 395 1246 tum,
423 1183 546 1256 nuper
563 1157 717 1232 demum
743 1159 823 1230 sine
851 1157 929 1230 ullo
952 1183 1086 1246 sensu,
1107 1173 1144 1230 et
1168 1173 1283 1244 motu,

277 1275 416 1348 xoculis
438 1275 546 1346 valde
572 1273 817 1365 rubentibus,
848 1277 888 1346 in
917 1299 1005 1346 eum
1028 1275 1159 1346 locum
1186 1273 1287 1348 fuisse

293 1395 448 1466 illatum.

345 1512 523 1582 Granium
555 1509 646 1582 dum
671 1505 1009 1598 circumsonabant,
1034 1508 1203 1582 thoracis
1227 1511 1290 1582 ris·

290 1607 398 1718 cera,
416 1628 529 1726 paulo
545 1643 631 1699 aute
649 1626 829 1715 detracta,
844 1627 1068 1725 inspiciens,
1086 1628 1127 1698 in
1147 1627 1294 1726 pulmo-

298 1744 358 1818 nis
382 1745 526 1818 dexteri
542 1767 716 1846 suprema
737 1759 842 1844 parte
857 1743 1034 1816 duritiem
1053 1744 1294 1817 animadverti

297 1863 418 1960 qualis
439 1878 599 1938 avetere
617 1861 754 1934 morbo
766 1858 936 1960 ‘relinqui
949 1861 1052 1934 solet.
1070 1861 1295 1934 Confinehat

297 1995 422 2055 autem
436 1980 626 2052 mediocre
641 1978 882 2056 tuberculum
901 1981 940 2050 in
960 2004 1038 2078 quo
1057 1980 1217 2052 nneria
1231 2001 1297 2077 pu-

227 2089 230 2096 *
297 2099 457 2170 rulenta.
491 2101 567 2168 Cor
606 2096 808 2197 polyposas
847 2093 979 2170 hahuit
1012 2098 1295 2182 concretiones,

299 2215 471 2312 nihilque
485 2213 744 2286 adnotandum
761 2197 946 2314 praebuit,
973 2215 1044 2286 nisi
1066 2213 1297 2286 valvultrum

303 2331 587 2404 semilunarium
611 2355 765 2431 aggeres
794 2334 994 2406 crassiores
1030 2329 1164 2420 iactos,
1194 2345 1234 2404 et
1258 2329 1300 2402 al·

221 2515 223 2520 Α
299 2449 480 2522 bicantes.
1028 2474 1031 2482 '
1163 2435 1165 2442 ¹

354 2569 420 2640 His
431 2567 1303 2657 amotisvisceribusadretectuminterimcere·
1320 2575 1323 2578 ’

301 2683 415 2758 hrum
434 2686 583 2774 oculos,
602 2709 811 2784 manusque
826 2688 1003 2758 converti.
1022 2687 1303 2760 exteriorem·

301 2804 416 2902 ninge
441 2803 629 2891 detracta,
645 2827 764 2875 unum
790 2803 1304 2900 discrimenapparuitiuter

283 2956 285 2960 ·
303 2919 495 2993 sinistrum
525 2919 670 2992 cerebri
690 2919 1016 3019 hemispherium,
1034 2930 1071 2992 ct
1086 2919 1304 3004 dexterum,

303 3035 406 3132 quod
421 3035 536 3133 hujus
546 3034 762 3134 superficies
778 3038 966 3138 posterior
976 3036 1167 3137 nigricare
1177 3037 1219 3108 in
1229 3051 1304 3109 tne-

304 3152 388 3238 diu,
411 3168 448 3224 et
466 3153 628 3226 multum
656 3153 795 3226 rubere
814 3152 1022 3226 videbatur.
1043 3153 1225 3250 Nigritle's
1241 3175 1304 3224 au·

303 3283 380 3339 tem
397 3293 418 3340 a
434 3270 531 3342 vasis
547 3287 627 3343 erat
647 3295 730 3369 quae
747 3290 817 3370 ‘per
837 3282 988 3342 tenuem
1008 3260 1304 3368 meninger‘n··rc·

305 3401 423 3483 punt,
441 3390 550 3488 nigro
572 3389 753 3487 sangnine
777 3388 884 3462 valde
901 3387 954 3458 ibi
978 3385 1309 3474 distentissrubor·

304 3527 326 3574 a
345 3507 524 3605 sanguine
536 3507 603 3604 qui
618 3507 719 3587 inter
742 3505 804 3577 illa
822 3526 929 3599 rasa,
947 3511 1129 3601 tanquam
1155 3527 1226 3601 per
1244 3525 1305 3574 er-

304 3622 560 3710 sudationem,
595 3619 756 3711 effusus,
786 3622 919 3721 spatia,
947 3621 1044 3695 vasis
1066 3619 1302 3717 interposita,

130 3788 133 3794 ·
215 3819 218 3823 ,
304 3743 413 3837 quasi
431 3741 556 3812 crusta
572 3738 684 3837 longe
701 3739 930 3826 tenuissima,
943 3745 1147 3836 ocoupttse
1159 3734 1307 3807 videbe·

303 3871 386 3956 tur:
406 3857 466 3928 vel
484 3859 625 3956 potius,
647 3858 825 3956 quoniam
846 3855 941 3927 nihil
968 3853 1023 3926 ihi
1047 3871 1180 3926 revers
1200 3849 1304 3922 effusi

311 3956 479 4047 inveriire
502 3975 628 4064 licuit,
645 3997 666 4045 a
682 3974 865 4072 sanguine
884 3972 1033 4045 vascula
1057 3971 1186 4042 omnia
1204 3969 1308 4040 mini-
