2748 4664
117 485 178 532 rm.
195 482 243 530 ιι.
258 481 305 530 na
316 478 454 528 nonus
467 479 661 543 cuiauis,
679 471 748 528 etc.
764 435 963 528 nrrsrsnrx.
992 455 1061 531 265

77 601 170 672 allata
189 611 305 684 esset,
335 592 524 691 fuisseque
553 594 667 692 igitur
686 595 727 664 in
754 619 796 665 ea
821 596 926 693 pulte
950 586 1063 670 irene·

78 743 156 796 uum
178 716 365 800 dicerem3
395 728 432 784 et
451 737 521 784 nos
539 712 796 798 crederemus,
816 714 1013 810 inquiunt,
1033 714 1064 784 si

78 834 193 931 quide
213 857 255 904 ea
273 832 358 930 plus
373 829 555 916 ederunt,
573 831 738 927 gravius3
763 831 828 928 qui
846 833 989 918 minus,
1013 832 1064 903 le·

77 955 147 1022 vius
164 949 431 1022 detrimentum
450 947 684 1020 retulissent:
702 965 834 1020 contra
853 965 979 1040 autem
1005 973 1066 1022 res

78 1095 109 1141 se
134 1068 266 1154 habet,
286 1092 373 1138 nam
394 1065 569 1168 sacerdos
588 1066 669 1152 hic,
696 1069 762 1163 qui
782 1068 1000 1154 minimum,
1025 1061 1069 1140 ut
1166 1056 1169 1064 ¹

77 1188 302 1317 reliquorum
334 1185 572 1272 eduliorum,
601 1186 656 1256 sic
691 1201 728 1256 et
758 1186 859 1256 illius
886 1184 1066 1272 comedit,

77 1305 301 1402 gravissime3
317 1303 457 1378 tnulier
484 1328 567 1400 quae
590 1303 782 1399 aliquanto
809 1304 911 1400 plus,
944 1307 1068 1376 minus

77 1423 253 1518 graviter3
282 1421 341 1494 vir
357 1421 424 1516 qui
445 1419 672 1516 plurimum,
701 1419 877 1492 levissimi
896 1422 1068 1532 omnium

76 1537 264 1624 laboravit,
287 1553 324 1608 et
355 1536 510 1608 laborat.
547 1537 618 1608 Sed
648 1561 759 1625 num,
779 1537 958 1636 inquam,
973 1523 1068 1610 num

76 1639 161 1727 lorte
181 1660 367 1728 contritus
388 1679 517 1726 caseus
544 1679 672 1750 super,
692 1669 735 1726 ut
758 1655 873 1743 solet,
890 1672 969 1728 erat
993 1658 1068 1730 ins·

76 1773 228 1870 persus?
262 1777 356 1844 Cum
382 1769 496 1842 luisse
516 1771 709 1858 dicerent,
746 1787 783 1844 et
811 1773 1068 1862 sacerdotem,

77 1893 210 1988 quippe
239 1887 508 1976 fastidientem,
532 1887 627 1958 nihil
650 1885 788 1978 ferme,
819 1893 890 1963 nisi
918 1891 966 1963 de
984 1893 1069 1982 illo,

78 2010 292 2106 sumpsisse;
308 2007 502 2078 mulierem
511 2022 635 2078 autem
652 2007 772 2078 multo
785 2009 869 2106 plus
880 2009 926 2080 de
940 2007 1070 2104 oryza,

78 2151 183 2223 quam
204 2126 251 2196 de
274 2148 407 2211 ease0;
425 2125 548 2194 virum
568 2122 784 2224 denique
750 2151 812 2197 ιιι
835 2125 882 2198 de
910 2125 985 2199 hoc
1006 2126 1071 2198 ali·

79 2244 182 2346 quid,
198 2245 405 2342 plurimum
424 2257 548 2314 autem
568 2241 614 2313 de
633 2243 694 2313 illa
715 2233 883 2333 vorasse,
895 2269 962 2316 vos
977 2247 1072 2343 ipsi,

78 2364 247 2459 inquam,
268 2360 327 2429 vel
340 2384 400 2431 me
415 2359 588 2447 silente,
576 2385 652 2467 Jam
663 2361 912 2460 intelligitis,'
904 2387 943 2433 m
962 2387 1071 2436 caseo

78 2477 182 2550 luisse
213 2476 377 2549 erodens
405 2498 614 2564 venenum,
642 2491 684 2550 ut
712 2503 840 2551 mures
874 2496 1073 2571 necarent,

78 2597 224 2669 lortasse
244 2595 467 2682 admistum,
490 2619 535 2664 eo
552 2610 678 2665 autem
708 2621 816 2667 caseo
836 2578 1010 2687 minime,
1030 2613 1074 2670 ut

79 2713 285 2811 oportebat,
306 2713 489 2809 seposito,
517 2713 678 2782 inscium
704 2713 889 2811 aliquem,
923 2715 1073 2786 dumio

80 2831 280 2904 diversorio
311 2828 512 2927 prandium
527 2828 754 2901 instantibus
768 2813 875 2902 vobis
888 2857 1074 2934 apprope-

79 2973 218 3020 rarerur
237 2949 351 3046 ,pulti
368 2948 597 3044 inspersisse.
622 2949 720 3018 Vera
737 2964 817 3020 tum
832 2949 958 3022 dicere
974 2955 1075 3026 visus

79 3091 176 3157 sum,
192 3066 314 3139 multo
337 3080 460 3136 autern
478 3067 615 3164 magis,
633 3089 719 3138 cum
738 3066 854 3166 longo
879 3085 965 3167 post
981 3086 1076 3142 tem-

78 3209 166 3281 pore
199 3207 338 3282 caupo,
370 3182 438 3278 qui
473 3179 543 3252 hos
563 3182 708 3255 audiret
744 3187 924 3272 evasisse,
952 3167 1107 3262 minus-

80 3303 145 3372 sibi
162 3304 237 3399 jam
261 3303 421 3387 timens,
442 3301 579 3370 mutire
605 3301 748 3402 aliquid
778 3328 856 3374 non
882 3303 1074 3377 dubitavit.

78 3422 180 3491 Time
204 3419 457 3490 nihilominus
475 3415 556 3487 duae
588 3433 727 3491 restare
748 3419 1003 3496 dubitationes
1020 3427 1077 3495 vi·
1123 3513 1125 3519 s

80 3537 279 3620 debentur,
297 3536 431 3622 altera,
455 3533 559 3630 quod
578 3537 677 3620 iuter
700 3535 890 3610 edendum
919 3539 1077 3612 odorem

81 3655 228 3750 quidem
238 3656 364 3724 minus
379 3667 527 3751 gratum
547 3640 770 3750 qdbmdam
786 3673 880 3755 puto
901 3645 944 3728 ex
961 3683 1076 3755 pravo

81 3794 184 3844 caseo
197 3773 362 3860 ,nullum
373 3785 495 3840 autem
510 3771 703 3842 insolitum
717 3797 910 3871 saporem,
928 3775 1078 3847 nullum

81 3889 137 3958 vel
154 3907 280 3987 postea
301 3891 338 3959 in
361 3889 507 3985 lingua,
523 3903 590 3959 'aut
606 3876 777 3964 faucibus
795 3893 978 3965 erosionis
994 3919 1079 3969 sen-

83 4028 161 4078 sum
179 4020 450 4110 perceperaut;
483 4006 622 4096 altera,
652 4007 760 4106 quod
791 3991 860 4084 etsi
888 4019 1079 4086 'venenum
