2700 4660
109 395 180 445 m.
191 393 241 442 ιν.
255 395 307 446 on
318 391 457 446 nonus
469 348 671 458 nutante„
685 383 755 442 etc.
769 391 883 442 nuso.
900 392 971 442 ux.
1001 391 1074 469 279

63 509 266 608 pulchreto
287 508 343 607 (1)
360 523 721 598 commemoratum,
746 510 807 582 cui
829 507 996 586 theriaca
1015 509 1077 584 bis

63 627 149 700 data
172 631 246 717 est,
262 629 363 704 intra
387 643 559 725 quartam
585 627 720 700 horem
742 653 763 700 a
782 643 951 702 comesto
973 652 1075 704 erse·

62 749 151 820 nico
165 747 373 818 interiisse:
390 761 429 818 et
449 747 481 818 si
494 751 556 817 Jo.'
568 746 687 818 Faber
701 745 757 843 (α)
783 746 916 842 juveni
935 747 1002 844 qui
1020 751 1075 816 ri·

60 863 200 960 sagelli
210 863 366 962 pulvere
391 888 464 962 pro
475 865 724 938 cinnamomo
739 887 830 938 usus
848 879 952 952 erat,
973 863 1071 942 nihil

60 983 133 1054 nisi
158 981 436 1086 mithridatium
474 981 718 1080 praebuisset‚
745 997 846 1056 certe
886 1007 964 1055 non
993 1006 1073 1056 ser-

62 1115 193 1172 vasset.
215 1101 381 1172 Serv-avit
401 1116 551 1188 autem,
569 1101 659 1204 quia
685 1099 798 1174 simul
818 1100 967 1195 juscula
990 1100 1076 1196 pin«

62 1219 162 1314 guia,
179 1233 219 1290 et
236 1219 293 1294 lac
311 1221 464 1317 copiose
477 1217 656 1290 exhibuit.
665 1219 725 1292 stc
741 1219 854 1290 etiam
868 1217 916 1290 ab
924 1223 979 1288 Jo.
990 1215 1074 1288 Jod.

64 1339 204 1432 Gysato
222 1335 277 1434 (3)
287 1361 446 1436 puerum
461 1353 501 1410 et
515 1335 660 1435 puellas
676 1336 786 1424 duae,
813 1338 960 1436 ingesto
973 1353 1076 1408 erse·

61 1453 153 1526 nico
193 1455 483 1552 periclitantes,
532 1457 673 1530 servari
717 1453 884 1553 potuisse
932 1452 1075 1530 oredo»

61 1598 140 1644 non
157 1572 266 1670 quod
282 1573 397 1646 Elect.
417 1559 677 1662 Orvietonum,
691 1572 758 1657 sed
772 1573 877 1671 quod
890 1587 1000 1645 antea
1019 1571 1077 1646 lac

63 1689 202 1762 crebro
227 1689 392 1771 dedisset
410 1718 419 1782 ;
438 1707 573 1765 natura
598 1708 724 1764 autem
747 1691 819 1764 bos
843 1716 975 1765 omnes
991 1691 1076 1772 citis

62 1807 459 1884 vomitionibusantea
474 1809 686 1906 adjuvisset.
698 1815 830 1907 Neque
841 1811 943 1884 enim
956 1809 1076 1883 illiue·
1192 1907 1194 1912 ,

64 1926 169 2006 modi
199 1927 498 2026 alexipharmaca
535 1945 694 2027 possunt
730 1929 931 2000 erodentes
960 1921 1077 2026 parti·

67 2046 170 2118 culos
193 2047 357 2134 irretire,
376 2052 441 2126 tut
460 2048 512 2119 sio
534 2045 715 2135 obruere,
733 2071 781 2122 ne
803 2044 1011 2146 pungendo
1024 2045 1081 2116 in·

72 2163 295 2254 flamment,
310 2179 347 2237 et
367 2165 611 2255 exulcerent,
626 2181 692 2238 aut
707 2164 938 2242 exulceratas
953 2178 1078 2264 partes

68 2281 211 2370 lenire,
230 2296 268 2358 et
280 2281 588 2380 abstergero,sed
600 2282 674 2354 illis
685 2296 854 2371 motum,
870 2281 993 2354 etnim
1011 2281 1078 2359 ad·

68 2399 182 2489 dere,
207 2399 376 2476 hisvero
396 2399 583 2488 calorem,
610 2416 648 2474 et
663 2401 909 2475 irritamenta.
935 2405 1078 2480 Contra

67 2534 219 2603 autem,
237 2507 314 2606 iac,
340 2517 488 2620 oleum,
507 2519 687 2592 viscidula
713 2519 803 2607 alia,
823 2535 903 2592 tum
917 2542 1080 2608 oerum,

69 2652 183 2735 atque
203 2633 300 2710 adeo
330 2636 409 2736 ipsa
435 2660 552 2733 equa,
574 2635 645 2708 alia
671 2636 903 2724 irretiendo,
931 2637 1002 2710 alia
1020 2635 1078 2706 di-

69 2753 234 2843 luendo,
262 2754 456 2848 liniendo,
482 2754 753 2850 abstergendo*
773 2769 958 2852 quantum
992 2777 1080 2851 poe·
1118 2775 1120 2780 ·

71 2875 163 2961 sint,
174 2869 415 2948 muitestum
430 2875 506 2956 est,
526 2871 558 2942 si
576 2895 620 2942 ea
637 2869 794 2968 quidem
810 2871 921 2969 copia
939 2871 1081 2944 dentur
1169 2915 1174 2926 x

72 3015 147 3089 qua
167 2990 393 3064 vomitiones
411 2989 609 3086 adjuvent,
626 3003 665 3062 et
688 2988 813 3086 siquid
837 3005 922 3086 post
938 2988 1007 3064 has
1020 3014 1079 3064 re·

71 3109 169 3208 liqui
194 3107 260 3196 sit,
297 3106 443 3182 diluant
483 3105 595 3194 adeo,
624 3121 668 3180 ut
698 3107 853 3178 noxiam
880 3107 1080 3205 xejnsyim

74 3226 252 3302 obruant„
278 3231 323 3302 Et
340 3240 487 3299 veteres
513 3217 691 3322 quidem,
719 3226 869 3298 temetsi
894 3225 1081 3300 nonnulla

74 3369 231 3443 quoque
248 3346 374 3416 minus
397 3344 659 3416 convenientia
676 3360 955 3442 proponerent;
973 3370 1014 3416 ea
1030 3359 1081 3416 ta·

75 3486 163 3570 men
188 3487 271 3558 quae
292 3460 413 3532 modo
441 3459 706 3550 laudabamus,
736 3452 869 3560 quanti
894 3458 1081 3550 facerent,
1118 3502 1121 3512 =

79 3793 84 3805 .
116 3740 160 3822 (ι)
181 3743 260 3800 Sect.
274 3739 375 3800 bacin
387 3743 491 3800 Addit.
502 3744 568 3804 obs.
583 3744 774 3818 ι3,1ιι·ιι.η.ι

118 3842 161 3922 (α)
174 3843 259 3904 tuo,
279 3843 349 3904 hist.
370 3863 417 3904 ια.
583 3863 585 3867 ’

122 3939 164 4022 (3)
184 3944 265 4004 Ibid.
284 3945 356 4004 hist.
369 3957 428 4004 aet
442 3963 506 4024 seq.
