2732 4654
317 394 388 468 302
484 415 531 464 nn
555 413 702 464 smnus
727 417 772 464 m
796 414 922 465 muns
946 415 1157 472 stounonun

319 531 425 634 quod
449 532 586 602 animal
609 529 815 628 quodpiam
844 531 892 602 ab
918 532 963 603 iis
990 558 1072 630 qnae
1097 533 1289 605 vomitum
1347 600 1348 626 p

315 651 415 749 jecta
434 665 540 738 sunt,
559 648 747 719 devoratis
775 648 871 719 male
900 647 1060 738 habeat,
1084 650 1305 723 inferendum

321 791 401 842 esse
417 793 502 838 cum
530 767 631 853 aliis,
650 767 841 836 ¹vomitum
860 765 968 837 illum
993 793 1072 838 nou
1092 767 1140 840 ab
1152 770 1303 856 interno,
1347 801 1348 870 }

321 886 387 958 sed
405 884 454 956 ab
470 899 665 980 assumpto
687 907 766 954 esse
787 908 956 972 veneno,
976 887 1173 984 proposita
1193 888 1306 988 novis·
1347 919 1348 924 ¹

321 1005 418 1076 sime'
426 1001 620 1073 obervatio
635 999 690 1096 (1)
709 1001 795 1072 satis
813 999 965 1072 indicat.

332 1149 336 1157 ·
372 1144 428 1191 20.
450 1118 522 1189 Sed
550 1133 587 1188 et
615 1143 657 1188 ea
686 1119 820 1214 quaein
842 1117 1060 1208 ventriculo
1086 1135 1307 1192 mortuorum
1348 1155 1349 1186 ;

319 1251 519 1336 apparent,
536 1251 578 1308 ut
593 1237 790 1332 imponere
803 1236 1008 1333 aliquando
1027 1239 1196 1336 possint,
1217 1238 1307 1308 docet
1348 1236 1349 1248 ³

320 1355 360 1426 id
375 1353 478 1452 quod
490 1352 537 1425 de
553 1351 703 1423 Falckio
717 1353 830 1450 paulo
845 1369 931 1425 ante
948 1355 1002 1451 fio)
1020 1356 1306 1426 commemoravi.

318 1473 539 1569 Eodemque
554 1470 669 1542 addes
694 1471 800 1568 quod
818 1498 862 1543 ex
881 1471 1050 1544 Ballonio
1071 1473 1142 1570 (3),
1160 1476 1307 1571 itemque
1349 1507 1350 1515 ¹

277 1656 280 1664 .
320 1615 365 1661 ex
388 1588 547 1660 Riolano
571 1589 624 1686 (Δ)
649 1589 688 1657 in
716 1589 1006 1687 Sepulchretum
1033 1592 1263 1680 retulerunt,
1279 1593 1307 1660 in

318 1707 434 1779 toxici
449 1705 525 1776 dati
542 1707 774 1803 suspicione,
790 1731 876 1777 cum
893 1709 1126 1780 ventriculus
1149 1709 1306 1780 exanthe-

319 1826 429 1897 matis
457 1823 602 1910 obsitus
637 1837 810 1921 repertus
842 1823 958 1908 essct‚'
994 1849 1129 1922 parum
1164 1827 1305 1898 abfuisse
1347 1829 1350 1860 ⁵

319 1943 414 2042 quin
431 1957 648 2014 constanter
672 1941 810 2013 medici
827 1944 1084 2040 suspicionem
1109 1945 1216 2016 illam
1234 1970 1305 2016 con·
1350 1951 1351 1986 ³

317 2059 533 2147 firmarent,
557 2061 631 2131 nisi
656 2059 840 2130 admoniti
872 2056 1048 2150 fuissent,
1078 2087 1122 2133 ea
1146 2062 1306 2134 exanthe·
1348 2049 1351 2106 ἶ

320 2195 419 2250 mata
435 2204 457 2249 a
475 2176 661 2248 morbiilis
678 2201 776 2264 esse,
791 2177 859 2274 qui
871 2201 958 2248 oum
973 2203 1177 2292 erumpere
1188 2181 1226 2250 in
1238 2194 1305 2251 cute
1348 2233 1349 2266 p

241 2380 244 2384 ¹
320 2297 476 2395 quidem
494 2296 717 2393 coepissent,
745 2293 810 2365 sed
830 2294 880 2366 ob
900 2296 1038 2368 virium
1066 2295 1305 2370 infirmitatem
1348 2331 1352 2391 ῃ

320 2440 400 2485 non
432 2414 701 2511 perrexissent,
732 2413 986 2485 ventriculum
1022 2429 1303 2514 occupaverant:
1346 2396 1350 2474 f

321 2531 568 2628 eamdemque
582 2532 836 2628 suspicionem
853 2533 893 2602 in
910 2533 1038 2605 multis
1051 2533 1180 2605 subito
1192 2535 1305 2607 extinc·
1349 2595 1350 2631 3

319 2651 366 2722 tis
385 2649 477 2721 falso
495 2649 582 2719 inde
599 2673 678 2719 esse
698 2663 837 2739 ortam,
862 2650 967 2746 quod
996 2648 1105 2721 fundi
1123 2649 1304 2724 ventriculi
1346 2634 1350 2680 ”

318 2768 557 2866 potissimum
575 2789 661 2863 pars
678 2767 825 2836 sinistra
852 2767 952 2838 intus
975 2781 1157 2865 extraque
1181 2771 1305 2868 nigres-
1345 2681 1351 2898 i

320 2887 441 2972 cer'et3
463 2893 549 2955 cum
568 2881 607 2953 id
638 2908 718 2952 non
737 2907 903 2972 veneno,
928 2883 993 2956 sed
1020 2887 1197 2982 sanguini
1228 2896 1305 2958 esset

319 3001 587 3089 tribuendum,
604 2999 658 3072 ihi
670 2996 769 3071 intia
785 3001 941 3074 venulas
964 3003 1150 3074 restitanti
1171 3027 1249 3102 quae
1267 2997 1303 3071 ad

319 3143 467 3192 ramum
485 3118 698 3216 pertinent,
719 3143 790 3190 vas
807 3117 896 3188 olim
920 3121 1026 3192 breve
1045 3137 1302 3220 nuncupatum.

319 3237 391 3308 Sed
403 3261 528 3333 neque
547 3259 567 3306 e
585 3237 774 3306 contrario
792 3237 930 3334 quaevis
949 3237 989 3306 in
1012 3239 1225 3333 ventriculo
1243 3235 1302 3307 ani·

240 3410 243 3414 -
320 3355 521 3429 madversae
555 3354 710 3424 maculae
739 3353 1024 3426 contemnendae
1050 3371 1151 3428 sunt.
1182 3361 1302 3429 Verum

425 3879 502 3934 Sect.
518 3872 574 3931 hac
592 3893 644 3946 ιο,
659 3874 725 3930 obs.
741 3882 776 3945 l„
794 3879 810 3946 5
826 3893 872 3932 ιο.

422 3977 456 4033 L.
467 3976 506 4047 ,3,
520 3994 543 4032 s.
558 3993 586 4046 7,
600 3974 635 4030 iu
650 3965 742 4032 schdi.
756 3975 796 4035 ad
807 3975 871 4034 obs.
887 3993 934 4034 ιο.
