2700 4660
948 388 966 418 Ο

275 445 345 520 288
429 465 476 517 nt
502 467 648 518 surmus
673 469 718 514 ar
743 467 868 518 causrs
893 469 1107 523 uonronurt

274 609 405 682 parere
425 583 608 655 debuisse.
636 581 806 680 Namque
833 585 883 658 ita
903 585 1070 658 vellicari
1092 585 1269 662 ventricu-

274 703 353 773 lum
363 755 373 788 ,
385 713 427 772 ut
443 701 523 796 ejus
533 701 639 770 nervi
651 701 847 772 irritentur
858 755 867 790 ,
880 702 979 801 adea
994 729 1078 801 quae
1093 703 1268 798 diximus,

273 817 495 920 explicanda
509 820 595 889 satis
614 833 691 907 est;
719 809 943 890 inflammari
962 837 1108 909 autem,
1133 825 1170 894 id
1188 849 1269 897 vero
1338 881 1340 930 3

273 939 429 1009 minime
459 937 711 1008 necessarium
740 952 809 1008 est.
836 941 887 1008 Ut
914 939 1015 1010 enim
1044 939 1212 1014 habitam
1236 946 1270 1014 iu
1338 965 1340 1038 ξ

272 1037 355 1154 ipse
373 1055 527 1125 homine
538 1053 843 1126 observationem
860 1057 1024 1153 primum
1046 1082 1272 1132 commemo·
1338 1039 1340 1054 ’

273 1199 373 1261 rem,
392 1168 563 1269 profecto
587 1173 856 1260 coriaria,sive
876 1173 1003 1272 planta
1013 1176 1075 1246 illa
1089 1203 1173 1274 quae
1192 1179 1270 1250 rhus

273 1295 387 1384 myrti
405 1289 482 1359 olia
501 1290 763 1388 Monspeliaea
777 1294 816 1362 C.
836 1293 876 1381 B,
906 1292 1129 1384 vocabatur,
1166 1321 1271 1395 qnam
1337 1357 1338 1366 ,

275 1409 500 1504 cit0,qua1n
520 1410 736 1506 repetitam,
754 1431 871 1505 quam
895 1408 1147 1500 horrendam,
1163 1435 1272 1512 quam
1337 1474 1338 1478 ,

274 1519 382 1598 brevi
410 1523 587 1596 lethalem
626 1515 841 1624 epilepsiam
866 1529 1022 1614 excitet,
1055 1531 1272 1604 clarissimus
1336 1569 1337 1619 ,

274 1645 333 1714 vir
346 1647 528 1741 Sauvages
540 1643 593 1741 (1)
615 1643 789 1715 ostendit.
809 1642 914 1716 Idem
926 1660 1053 1718 tamen
1067 1649 1112 1718 ,in
1129 1650 1200 1720 viri
1218 1675 1270 1721 ca·
1335 1693 1336 1696 =

275 1761 429 1850 davere,
448 1761 659 1834 acomestis
681 1755 781 1832 illius
792 1760 918 1834 baccis
936 1761 1143 1835 admodum
1174 1769 1270 1864 quin·
1335 1767 1336 1771 ’

275 1877 608 1968 deciminterfecti,
620 1878 764 1951 nullam
784 1878 930 1952 cerebri
943 1883 1106 1968 ,nullam
1121 1885 1268 1982 alicujus
1334 1893 1340 1948 ‘1

275 1998 370 2070 alius
381 1997 694 2097 partislaesionem
704 1997 830 2110 potuit
847 1997 1156 2108 deprehendere,
1175 2017 1269 2076 etue

272 2117 444 2188 minutim
454 2115 656 2186 ventriculi
673 2115 810 2212 ipsius,
824 2117 863 2186 in
877 2141 955 2213 quo
970 2118 1136 2190 eoriariae
1148 2123 1268 2192 etiam·

231 2278 235 2286 ,
274 2250 355 2307 tum
370 2234 492 2306 baccae
505 2247 611 2304 erant
626 2233 819 2330 quinque,
834 2258 919 2305 cum
941 2251 1098 2324 caeterae,
1119 2240 1267 2312 emetico
1334 2232 1335 2248 ³

273 2353 382 2439 dato,
394 2349 551 2423 fuissent
567 2351 723 2446 rejectae.
741 2355 863 2451 Atque
880 2366 923 2424 ut
936 2351 983 2424 ad
998 2354 1128 2452 plura,
1148 2373 1186 2428 et
1202 2356 1268 2454 plu·
1333 2351 1334 2356 ’

272 2470 378 2543 ribus
394 2469 434 2539 in
446 2468 575 2540 hestiis
593 2466 789 2540 observata
810 2486 1063 2560 transeamus;
1085 2489 1189 2569 certe
1208 2493 1267 2545 nec
1338 2507 1339 2568 3

271 2613 412 2689 pauca,
430 2609 501 2657 nec
518 2585 611 2657 levia
624 2609 755 2684 passus
777 2602 833 2659 est
847 2588 969 2677 canis,
986 2589 1154 2686 itemque
1170 2611 1265 2689 passa

272 2707 362 2782 feles
386 2719 464 2793 est,
495 2727 661 2801 quorum
681 2703 795 2775 'illum
823 2705 917 2778 datis
944 2707 1109 2780 nucibus
1129 2707 1266 2780 duabus
1334 2765 1339 2812 Ν,

271 2821 1266 2924 uomicisHeydiusla),hanenapelliingestadrachma

271 2939 510 3042 Spr'oegelius
524 2937 579 3034 (3)
590 2941 759 3036 peremit.
778 2941 888 3011 Canis
900 2954 1026 3014 tamen
1046 2944 1263 3040 stomacher,
1333 2965 1339 3038 fi,

271 3057 512 3156 cataphagae,
537 3069 575 3125 et
600 3061 809 3127 intestinum
823 3059 996 3130 naturali
1013 3053 1263 3132 constitutione
1334 3113 1335 3138 ,

267 3175 502 3276 gaudebant,
523 3188 560 3244 et
580 3169 661 3244 felis
677 3174 911 3248 ventriculus
928 3176 1102 3260 naturali
1126 3193 1204 3249 erat
1220 3178 1262 3245 si·

270 3293 464 3377 mi'llimus,
501 3289 669 3388 nihilque
699 3297 880 3363 erosionis
907 3293 1026 3364 simile
1053 3301 1174 3366 visam
1198 3306 1260 3378 est,

199 3409 200 3414 ’
268 3411 480 3506 villosaque
497 3413 624 3478 tunica
644 3407 882 3496 nitidissima,
903 3415 1077 3481 intestina
1098 3437 1178 3488 eum
1195 3415 1260 3482 ais·
1329 3405 1338 3493 ᾗ

267 3531 409 3602 ceribus
425 3526 575 3623 reliquis
590 3531 797 3597 sanissima.
818 3531 948 3624 ltaque
975 3543 1016 3600 ut
1039 3529 1202 3628 Heydius
1222 3545 1270 3596 ex·
1327 3626 1333 3649 1

303 3829 348 3906 (1)
369 3829 459 3885 Mem.
474 3827 511 3884 de
523 3824 636 3882 l’Acad.
649 3810 721 3901 roy-¹
731 3821 782 3880 des
795 3824 842 3880 Sc.
854 3862 864 3895 ,
878 3841 926 3880 an.
943 3825 1028 3902 1739.
1055 3859 1058 3866 «

261 3930 267 3940 ’
302 3929 347 4006 (α)
367 3929 440 3985 Obs.
457 3927 563 3984 medie·¹
581 3923 630 3983 50.

304 4028 349 4107 (3)
370 4028 520 4104 Experim.
537 4025 616 4084 circa
628 4039 760 4096 venena,
775 4041 842 4099 exp.
857 4037 885 4078 a.
