2700 4660
124 511 197 560 nm.
211 511 260 560 lv.
278 491 324 557 db
338 509 475 557 nortus
486 509 684 576 cursuum,
698 501 768 560 etc.
784 511 985 563 erisncrx.
1016 493 1085 592 275
1124 543 1138 558 κ

74 627 181 704 illico
198 625 420 722 sanguinem
441 627 751 722 esse'spissatum3
770 629 851 722 ejus
868 645 993 701 tamen
1015 632 1088 728 glo

71 741 198 829 bulis,
217 743 248 818 si
271 767 339 840 per
361 743 653 840 microscopium
676 743 902 842 inspiceret,
927 751 1088 822 maxime

72 859 308 948 extenuatis,
325 857 538 948 dissolutis,
559 874 597 932 et
624 864 731 958 quasi
749 863 789 932 in
812 879 959 934 motum
977 868 1086 938 actis:

76 1001 178 1074 quos
194 979 295 1048 inter
313 975 376 1058 bic
393 977 471 1048 illic
488 979 687 1076 perspicue
708 981 943 1080 apparebant
966 1008 1089 1080 parvae

76 1095 246 1192 crystalli
276 1095 541 1193 triangulares,
566 1097 858 1195 scindentesque
888 1125 1090 1191 mucrones
1307 1113 1323 1167 t

44 1227 47 1235 '
75 1215 299 1312 sagittarum
315 1211 730 1304 referentes3ut1enhis
750 1216 929 1290 omnibus
951 1219 1090 1316 intelli·
1325 1207 1326 1217 ¹

75 1347 202 1431 geret,
220 1333 364 1406 erosiva
379 1333 567 1428 ejusmodi
581 1333 807 1404 validissima
818 1327 965 1408 venena
978 1361 1089 1434 agere

75 1449 313 1556 destruendo
331 1465 499 1520 nontam
522 1449 675 1538 fluidae,
693 1476 807 1548 quam
825 1450 953 1525 firmas
963 1471 1089 1552 partes

72 1569 199 1641 nostri
218 1569 404 1666 corporis
426 1567 499 1640 Sed
515 1593 639 1665 neque
657 1567 719 1640 ille
734 1565 953 1667 ignorabat,
976 1569 1098 1664 devo-V

72 1699 201 1756 ratum
239 1685 410 1782 quidem!
431 1680 644 1756 arsenicum
675 1686 759 1754 non
791 1687 842 1756 ita
874 1689 1086 1760 immediate

75 1802 253 1900 sanguini
274 1800 472 1874 admisceri
484 1852 500 1898 ,Ι
512 1815 549 1874 et
562 1789 605 1872 tu
618 1825 661 1872 ea
674 1802 926 1898 'proportione
935 1804 1088 1878 demum

74 1919 276 1992 admisceri
294 1943 375 1990 non
392 1941 522 2017 posse,
543 1917 658 1988 vides.
679 1917 871 1988 Praestabit
890 1921 1024 2018 igitur,
1043 1939 1086 1994 ut

74 2037 127 2110 ab·
141 2051 312 2110 extracto
331 2037 510 2135 sanguine
535 2033 731 2106 advivens
752 2059 911 2133 corpus,
936 2051 974 2108 ct
995 2063 1015 2108 a
1033 2063 1089 2112 ca-

75 2155 214 2244 nibus,
230 2169 267 2228 et
285 2149 458 2226 muribus
478 2152 526 2224 ad
553 2133 728 2226 homines
747 2145 921 2242 redeam,
946 2169 983 2226 et
1003 2181 1086 2254 quae

74 2273 113 2344 in
141 2273 205 2344 bis
243 2271 290 2344 ab
321 2271 501 2344 devorato
535 2273 706 2344 arsenico
745 2273 933 2344 dissecans
967 2278 1088 2370 Ruys-

70 2387 186 2462 chius
214 2387 279 2488 (1)
305 2391 513 2475 invenerit,
541 2385 742 2486 proferam.
783 2389 991 2487 Aliquoties
1021 2393 1085 2466 ille

76 2507 265 2604 ejusmodi
287 2507 467 2580 cadavera
491 2488 677 2604 inspexit:
707 2521 744 2577 et
769 2521 901 2578 contra
926 2511 1085 2606 atqueii
1139 2543 1146 2549 -
1210 2498 1214 2504 ¹

75 2629 142 2722 qui
156 2631 197 2696 in
218 2631 289 2697 tali
310 2650 423 2715 casu,
443 2623 680 2697 solummodo
701 2629 920 2720 sanguinem
945 2650 1085 2722 coagu-
1159 2623 1162 2636 ¹

74 2742 151 2814 lari
176 2759 398 2832 autumant,
432 2767 626 2839 uunquam
654 2743 734 2839 ipse
763 2742 998 2840 coagulatum
1030 2769 1085 2816 re·

75 2865 196 2958 perit,
214 2861 279 2934 sed
294 2859 549 2933 ventriculum
564 2859 840 2944 exulceratum,
860 2860 890 2930 si
904 2861 990 2932 satis
1004 2863 1086 2959 qui·
1138 2850 1141 2858 ’
1167 2862 1173 2872 ’

76 2979 162 3051 dem
180 2981 364 3076 temporis
385 2970 492 3050 adid
518 2975 669 3066 fuisset3
689 2991 732 3048 ut
749 2967 789 3059 iu
815 2973 955 3049 femina
976 2981 1084 3076 cujus
1142 3023 1143 3032 κ

76 3097 275 3170 ventriculi
299 3121 472 3194 magnam
500 3095 701 3194 partemin
725 3096 875 3192 liquore
894 3096 1085 3183 servabat,

77 3215 114 3286 in
145 3218 259 3310 cujusx
285 3217 412 3286 tunica
446 3214 600 3298 intima,
625 3212 737 3286 variis
772 3213 865 3282 locis
894 3212 1085 3288 ulceribus
1129 3273 1130 3276 ,
1211 3225 1214 3236 '

76 3331 226 3421 affecta,
239 3333 450 3404 arsenicum
466 3331 595 3402 album
612 3330 791 3415 lacerabat.
801 3328 913 3419 Quod
928 3330 958 3402 si
972 3333 1083 3424 citius

79 3451 325 3538 interiissent,
340 3463 421 3522 tum
442 3465 584 3548 puncta
595 3449 803 3546 sanguinea
822 3448 884 3518 hic
898 3447 976 3518 illic
989 3449 1083 3524 vidit

79 3593 144 3666 per
158 3568 415 3641 ventriculum
434 3567 600 3664 disjecta.
1114 3639 1115 3646 χ

129 3712 183 3760 10.
205 3691 259 3758 Ex
284 3685 343 3757 his
367 3683 544 3782 Ruyschii
578 3679 906 3762 observationibus
929 3703 1016 3752 cum
1036 3683 1092 3769 iis

79 3841 1088 3903 .........-......-...-.-----’--Σ-
1214 3865 1215 3870 ’

121 4025 161 4128 (ι)
181 4047 268 4104 Thes.
283 4055 363 4102 anat.
376 4044 413 4116 8,
426 4061 457 4100 n.
471 4061 530 4116 70..
624 4048 625 4054 ’

879 4135 940 4206 18*
