2836 4648
275 397 349 497 676
441 422 486 468 ur
512 421 658 470 sabinus
683 421 727 469 nr
752 418 877 469 causis
902 403 1116 470 arorrnonmrv
1212 471 1217 480 ,

275 535 366 624 rim;
389 557 494 606 meos
515 533 646 607 oculos
675 533 813 606 lineola
843 533 1014 632 quaedam
1030 535 1188 608 insolita
1203 558 1285 608 non

275 647 387 749 fugit,
406 648 489 748 q'uae
508 675 577 750 per
596 651 832 739 interiorem,
856 652 1190 750 posterioremque
1206 675 1296 742 ures
1412 639 1413 706 ἶ

274 765 367 841 tbme
385 763 627 867 superficiem
650 765 698 840 ad
716 783 875 840 tractum
898 759 976 867 'p'ro
1003 767 1172 852 uretbrae
1200 767 1288 840 bre-

275 886 387 960 vitate
403 910 481 960 non
499 883 692 956 modicum
717 899 819 958 recta
838 884 1048 958 secundum
1073 883 1289 984 longitudi-

274 1001 447 1106 tudinem
469 1001 739 1090 descendebat,
767 1017 805 1074 et
824 1001 950 1074 medio
973 1003 1014 1077 in
1041 1027 1162 1108 cursu
1189 1027 1290 1074 non·

276 1119 372 1191 nihil
389 1119 499 1191 latior
515 1117 639 1190 fiebat.
664 1117 736 1192 Sed
758 1143 802 1192 ea
823 1119 963 1193 lineola
981 1141 1066 1192 non
1083 1120 1164 1192 nisi
1188 1117 1298 1218 inira.
1412 1199 1413 1226 χ

275 1237 438 1310 urethrae
447 1237 595 1310 initium
611 1238 691 1336 ipsa
706 1237 927 1336 incipiebat,
938 1237 1173 1336 humilisque
1190 1236 1290 1310 adeo

277 1371 376 1442 erat,
404 1369 446 1424 ut
473 1354 572 1424 inter
596 1351 819 1459 nigricantia
847 1355 911 1428 illa
938 1381 1022 1454 quae
1046 1356 1189 1454 saepius
1222 1379 1293 1454 per

276 1471 468 1544 uretbram
485 1459 710 1544 muliebrem
731 1469 908 1572 parallela
928 1471 1162 1546 descendere
1182 1467 1292 1544 vide-
1412 1555 1413 1572 ,

275 1615 360 1662 mus
380 1587 772 1688 sanguiferavascula,
793 1591 938 1692 percipi
956 1594 1018 1662 vix
1030 1605 1183 1690 posset:
1202 1613 1300 1688 ques

276 1705 487 1796 humilitas,
506 1721 543 1778 et
562 1705 686 1793 sedes,
706 1731 799 1779 num
817 1706 864 1779 ad
883 1731 964 1780 eam
982 1708 1177 1806 pertinere
1196 1730 1291 1806 pos-

278 1827 325 1897 sit
343 1849 426 1924 quae
445 1823 556 1897 nobis
575 1824 763 1924 descripta
781 1839 855 1916 est,
892 1824 1062 1911 uvulam,
1090 1825 1211 1899 etiam
1232 1839 1291 1896 ta·

278 1955 386 2016 cente
405 1967 483 2030 me,
503 1941 690 2039 intelligis.

327 2065 360 2147 4.
382 2057 598 2133 Secundum
611 2057 792 2149 cadaver,
809 2059 884 2132 sub
903 2055 1053 2132 initium
1069 2059 1163 2130 anni
1190 2060 1287 2157 1760

277 2177 448 2250 ibidem'
439 2177 619 2265 incisum,
635 2178 749 2276 plura
767 2203 850 2278 quae
876 2179 1151 2254 adnotarentur
1170 2175 1290 2277 digua

277 2294 438 2383 obtulit,
450 2293 712 2394 quamobrem
738 2319 821 2368 mea
851 2319 1007 2396 quoque
1038 2293 1194 2394 longior
1215 2295 1289 2368 erit

276 2411 492 2510 descriptio.
742 2429 745 2434 ·

327 2529 359 2603 5.
380 2529 531 2628 Bajulus
549 2553 670 2602 annos
695 2511 805 2604 natus
826 2525 881 2604 ad
890 2509 1191 2630 quinquaginta,
1225 2529 1285 2602 bi·

276 2647 512 2734 bacissimus‚
529 2663 567 2722 et
583 2648 673 2721 hinc
697 2673 793 2748 saepe
818 2648 966 2739 ebrius,
994 2649 1105 2721 multi
1123 2674 1288 2747 qunque

278 2765 373 2852 cibi,
385 2789 455 2837 nec
470 2781 597 2838 tamen
618 2767 746 2864 pravi,
761 2791 841 2838 non
858 2765 973 2838 modo
987 2791 1068 2838 non
1083 2781 1164 2839 erat
1180 2766 1287 2839 vale-

276 2881 508 2972 tudinarius,
520 2881 585 2956 sed
600 2881 783 2956 hacteuus
798 2907 911 2983 sanus
921 2937 932 2970 ,
942 2883 1042 2956 utab
1056 2883 1232 2956 sociisob
1243 2909 1289 2957 ea

278 3023 361 3130 quae
389 2999 596 3090 dicentur,
609 2995 741 3074 sedulo
772 3001 1032 3100 interrogatis,
1056 3000 1155 3074 nihil
1179 3001 1286 3074 aliud

277 3115 364 3190 sciri
375 3117 557 3246 potuerit,
569 3118 641 3190 nisr
627 3115 859 3190 identidem
873 3119 920 3192 de
930 3103 1093 3217 quadam
1107 3119 1286 3192 molestia

276 3225 386 3334 queri
404 3235 640 3306 consuevisse
652 3236 790 3332 ,cujus
804 3235 931 3308 sedem
948 3237 1282 3336 manuepigastrio

275 3353 464 3452 imposita
479 3349 527 3422 ad
546 3351 671 3425 cordis
701 3353 956 3428 scrobiculum
985 3355 1220 3454 designabat.
1249 3362 1285 3430 Is

227 3481 230 3490 ’
274 3470 389 3566 igitur·
404 3486 490 3543 cum
509 3482 585 3541 tres
602 3473 856 3556 ante'menses
875 3471 914 3543 in
936 3475 1204 3546 nosocomium
1219 3501 1284 3548 ve·

273 3586 390 3658 nisset
405 3599 561 3684 propter
581 3583 724 3663 febrem
743 3587 939 3662 tertianam
955 3579 1177 3670 continuam
1189 3618 1201 3682 ;
1213 3591 1286 3666 bac

273 3720 463 3794 cessante,
484 3703 671 3780 obnoxius
687 3702 770 3778 fieri
789 3707 905 3806 coepit
921 3687 1197 3782 ¹alimentorum
1216 3735 1297 3816 voffi

224 3893 226 3900 χ
273 3819 515 3892 mitionibus:
537 3843 620 3920 quae
637 3837 808 3922 tempore
826 3813 1211 3922 aliquo'iute'rmisso,
1229 3853 1287 3905 te·

273 3934 425 4010 dierunt
442 3937 600 4032 iterum,
619 3964 690 4016 uec
705 3937 837 4040 postea
859 3942 906 4015 ad
924 3943 1006 4017 vitae
1023 3967 1146 4046 usque
1164 3941 1294 4044 finem,
