2858 4658
179 493 247 570 ma.
264 497 373 544 runa
387 496 735 560 montemmaranum,
753 487 821 543 eto.
840 498 952 544 nrrsr.
965 497 1023 542 tv,
1074 473 1122 570 69

121 607 223 694 vicit,
242 635 325 682 non
349 611 464 682 modo
493 612 659 709 nigram,
686 609 751 682 sed
777 625 813 681 et
837 610 972 682 duram
997 626 1123 682 cutem
1171 588 1174 596 i

126 722 337 800 efficientes.
355 735 400 800 Et
416 728 522 825 quod
537 729 583 799 ad
600 729 850 800 Pernvianum
872 727 1026 825 quidem
1047 751 1127 798 cor·

124 840 229 912 tieem
246 860 402 941 spectat,
420 848 487 916 etsi
502 846 540 914 in
557 868 753 942 gangraerra
771 845 918 916 siccant
931 843 1124 915 laudatum
1202 915 1204 922 ,

126 959 196 1029 scio
219 985 240 1030 a
260 961 306 1031 cl.·
330 959 511 1060 chirurgo
538 960 819 1058 Guisardo(1),
850 963 900 1032 ita
930 963 977 1033 ab
1004 964 1122 1034 altero

123 1075 197 1170 ejus
216 1078 294 1149 vim
322 1080 361 1148 in
381 1077 542 1149 dubium
570 1091 727 1168 tractam
755 1103 834 1149 esse
862 1079 1032 1175 intelligo
1051 1079 1125 1174 (2);

122 1206 243 1264 tamen
261 1195 586 1292 quemadmodum
603 1198 703 1266 inter
725 1211 854 1268 caetera
872 1222 954 1292 quae
975 1197 1125 1268 corticis

124 1311 318 1385 utilitatem
331 1309 510 1386 adversus
524 1338 738 1411 gangraenas
755 1313 842 1385 alias
859 1313 1123 1404 ostenderunt,

126 1430 422 1525 experimentum
442 1429 538 1500 illud
561 1431 599 1500 in
621 1431 751 1527 primis
776 1429 1048 1502 attendendum
1070 1431 1126 1499 vi·

125 1542 229 1616 detur
251 1549 294 1616 in
321 1573 398 1644 quo
422 1547 548 1617 omnia
576 1547 615 1617 in
643 1547 778 1618 melius
801 1547 1006 1645 vergebant
1030 1548 1123 1618 dum

126 1679 246 1736 cortex
261 1680 489 1752 sumeretur,
503 1664 610 1762 pejus
626 1680 750 1736 autem
764 1665 853 1736 dam
867 1667 1123 1749 omitteretur,

128 1794 161 1849 et
177 1780 344 1880 denique
363 1805 494 1853 rursus
518 1781 671 1870 melius,
690 1780 781 1852 dum
806 1807 937 1854 rursus
954 1785 993 1852 in
1014 1809 1124 1855 usum

127 1898 352 1988 traheretnr3
373 1901 425 1970 sic
442 1924 520 1970 non
542 1898 622 1969 leve
649 1898 799 1996 pondus
823 1899 870 1970 ad
897 1900 1066 1972 eamdem
1083 1903 1122 1971 in

126 2014 215 2087 sicca
244 2019 358 2090 etiam
383 2041 580 2114 gangraena
607 2016 805 2088 utilitatem
840 2017 1122 2088 monstrandam

128 2133 234 2204 simili
264 2135 517 2206 observationi
550 2135 673 2206 inesse
701 2134 946 2224 crediderim,
973 2161 1055 2232 quae
1082 2137 1122 2207 in

126 2246 278 2323 historia
295 2268 412 2324 exstat
433 2253 554 2350 Regiae
575 2253 815 2324 scientiarum
831 2251 1036 2324 Academiae
1055 2277 1122 2352 pa-

127 2369 289 2441 risiensis
310 2369 390 2467 (3):
415 2395 497 2468 quae
523 2371 623 2442 enim
640 2371 678 2440 in
695 2370 792 2467 pede
802 2372 1012 2468 inceperat,
1032 2398 1123 2470 gan·

128 2509 246 2582 grana
265 2489 360 2559 sicca
381 2513 452 2586 pro
471 2487 615 2558 alterna
635 2488 784 2560 corticis
807 2487 1057 2575 exhibitione,
1085 2504 1122 2562 et

126 2603 415 2693 intermissione,
431 2605 572 2675 alterne
583 2604 718 2675 melius
731 2657 741 2690 ,
761 2603 943 2701 pejusque
958 2604 1123 2677 habebat

125 2719 243 2794 donec
276 2723 344 2795 sub
383 2723 461 2818 ejus
488 2721 591 2792 haud
615 2721 775 2818 amplius
804 2723 1018 2820 interrupto
1050 2747 1139 2794 usu„

125 2843 285 2936 pervicta
303 2856 367 2912 est.
397 2845 666 2912 Verumtamen
689 2839 891 2936 repetitum
911 2842 1041 2937 saepius
1059 2866 1121 2912 ex-

127 2960 393 3052 perimentum,
412 2981 536 3054 neque
562 2960 602 3026 in
621 2980 817 3054 gangraena
834 2957 1037 3054 incipiente
1059 2983 1121 3031 so-

129 3073 203 3144 lum
216 3129 225 3162 ,
238 3074 302 3146 sed
314 3075 391 3170 jam
400 3071 579 3172 perlecta,
595 3071 804 3170 optandum
822 3071 884 3142 hic
900 3098 978 3144 esse
997 3073 1118 3164 vides3

125 3214 190 3262 nec
210 3191 385 3264 Benevoli
410 3189 694 3277 consuetudini,
717 3205 760 3260 ut
776 3189 823 3260 ad
839 3189 1004 3262 remedia
1022 3207 1121 3263 exte·

126 3308 221 3380 riora
245 3325 458 3404 transeam,
488 3324 578 3380 tunc
613 3333 691 3380 esse
718 3307 863 3395 locum,
895 3307 1048 3405 quando
1081 3309 1120 3380 id

410 3473 425 3502 N

160 3678 199 3758 (1)
218 3683 288 3740 Vid.
299 3683 381 3758 apud
392 3685 502 3740 Haller.
515 3683 547 3738 in
560 3699 667 3740 access.
682 3681 721 3738 ad
733 3653 840 3739 Boerh.
854 3682 936 3739 meth
948 3683 1027 3740 stud.
1040 3682 1118 3741 med.

126 3794 153 3851 p.
166 3781 214 3853 13,
230 3803 255 3839 c.
269 3791 297 3850 4.

162 3891 198 3973 (a)
219 3897 288 3954 Vid.
301 3899 368 3953 Act.
382 3897 565 3974 ErudtLips.
578 3914 627 3976 πῃ.
645 3894 717 3970 1751
731 3915 771 3952 m.
783 3891 841 3968 jul.

163 4007 199 4092 (3)
220 4013 382 4086 An.17l8.
