2700 4660
258 365 329 440 260
427 387 474 438 or
499 387 646 446 surmus
670 387 715 434 rr
740 383 864 434 crusis
889 383 1099 460 moruorum

256 505 464 592 cruciatus,
487 499 738 600 lipothymiee,
758 499 993 572 vomitiones.
1034 499 1166 572 Mulier
1184 525 1239 573 au·
1332 484 1339 499 ¹

255 638 331 696 tem
348 621 410 692 illa
427 621 572 717 magnis
584 613 881 714 praecordiorum
900 615 1149 695 anxietatibus
1160 644 1239 704 ‚cor-

255 753 383 838 repta,
412 755 448 808 et
467 733 753 808 vehementibus
772 731 942 806 simulac
965 735 1122 808 assiduis
1140 739 1242 808 vomi·

244 859 372 948 -tibus,
389 873 426 928 et
449 853 741 950 dejectionibus,
755 852 920 950 denique
931 841 1159 927 convirlsivis
1177 881 1244 928 mo·

254 977 376 1062 tibus,
394 987 496 1044 artus
517 971 652 1044 misere
669 969 1016 1066 distorquentibus,
1040 974 1141 1055 inter
1156 998 1244 1046 acer·

252 1094 428 1166 bissimos
445 1090 634 1173 cruciatus
653 1088 798 1160 obierat
808 1089 906 1159 intra
916 1088 1029 1176 horas
1039 1090 1099 1160 vix
1107 1088 1242 1179 decem.

253 1218 365 1292 Etne
401 1206 574 1280 dubitare
611 1230 756 1303 posses,
789 1204 892 1286 unde
926 1205 1004 1280 haec
1035 1209 1183 1296 omnia,
1213 1210 1259 1278 in.

253 1330 450 1422 utriusque
485 1324 698 1398 ventriculo
735 1325 949 1418 arsenicum
978 1313 1243 1422 deprehensum

253 1461 319 1522 esi·
1208 1519 1213 1528 .

301 1563 336 1654 6.Ι
350 1566 542 1634 Hactenus
554 1584 688 1656 quaeex
697 1557 864 1633 historiis
878 1559 953 1632 sive
962 1560 1243 1660 inSepulchreto

252 1681 501 1769 exstantibus,
519 1681 595 1752 sive
609 1679 752 1768 eidem,
777 1683 807 1754 si
824 1680 1006 1770 volueris,
1021 1681 1245 1778 adjiciendis,
1262 1745 1266 1753 .

252 1799 428 1898 colligere
445 1798 551 1870 licuit
569 1797 740 1870 devorati
753 1799 957 1896 praesertim
969 1799 1245 1899 arsenicisigua,

250 1917 373 1988 multo
388 1915 569 2014 prolixius
584 1912 741 1988 fortasse
759 1939 873 2012 quam
891 1917 1023 2005 velles,
1045 1916 1162 1993 haud,
1178 1920 1246 1992 inu·

249 2035 366 2110 tiliter
382 2034 843 2119 tamen,commemoravi.
862 2038 972 2106 Nunc
993 2053 1075 2131 quae
1097 2037 1176 2134 ipse
1197 2035 1246 2108 bis

250 2151 345 2240 vidi,
361 2151 476 2224 semel
494 2151 533 2220 in
548 2175 648 2239 unu,
662 2151 800 2225 iterum
817 2151 858 2222 in
876 2149 1015 2241 tribus,
1033 2153 1245 2234 recensebo:

240 2293 349 2366 'quos
365 2291 520 2357 omnes,
550 2282 642 2340 cum‘
654 2266 753 2339 bene
771 2269 999 2365 pensitarem
1021 2286 1159 2342 cuncta
1176 2289 1248 2368 quae

249 2399 380 2485 postea
396 2385 616 2483 vestigando
635 2385 728 2460 scire
740 2387 866 2483 potui,
880 2409 925 2458 eo
940 2411 1090 2466 veneno
1104 2386 1249 2460 affectos

212 2525 215 2540 ·
249 2501 362 2576 fuisse
380 2503 536 2599 conjeci.
554 2503 701 2584 Primus
713 2505 770 2574 vir
787 2499 857 2574 fuit
869 2501 1048 2590 robusto,
1064 2520 1107 2588 et,
1120 2529 1248 2606 magno

251 2645 433 2720 corpore,
458 2620 665 2716 habituque
684 2621 877 2718 pleniore,
903 2637 1018 2717 quem
1042 2641 1248 2722 correptum

251 2735 348 2814 febri
361 2737 559 2826 curabam,
572 2737 650 2832 jam
667 2741 820 2812 remissa
838 2737 950 2826 adeo,
968 2755 1011 2810 ut
1026 2740 1149 2824 electo
1163 2767 1250 2825 non-

250 2872 450 2952 nunquam
471 2867 650 2950 surgeret.
663 2925 666 2930 ,
680 2858 715 2925 Is
731 2841 793 2924 vix
811 2853 999 2928 semihora
1024 2873 1110 2953 post
1130 2884 1249 2944 coenu·

249 2971 336 3060 lam,
348 2973 388 3041 in
404 2995 478 3068 qua
493 2969 589 3040 nihil
605 2971 677 3042 nisi
695 2972 891 3044 concisum
901 2997 1037 3069 panem
1047 2989 1250 3072 sumpserat

249 3091 289 3162 in
299 3089 385 3184 jure
398 3101 550 3182 coctum
564 3139 574 3174 ,
591 3087 797 3185 improviso
812 3091 957 3160 vomitu
974 3088 1188 3187 prehensus
1201 3106 1250 3166 est

250 3168 501 3308 permolbldto,
525 3227 645 3300 eoque
674 3207 790 3304 magis
816 3205 920 3302 quod
945 3209 1077 3305 saepius
1096 3210 1247 3285 redibat.

249 3322 363 3419 Venit
378 3320 426 3391 ad
443 3345 502 3392 me
516 3321 738 3418 intempesta
752 3338 863 3394 nocte
878 3347 924 3394 ex
941 3325 1023 3420 ejus
1040 3323 1248 3404 domesticis

249 3463 350 3510 unus
368 3462 448 3509 rem
466 3439 645 3527 narrans,
667 3454 704 3510 et
728 3437 820 3536 quid
844 3439 1051 3537 agendum,
1070 3469 1245 3539 quaerens.

248 3559 385 3644 Batus,
412 3554 622 3627 molestiam
639 3548 728 3627 inde
748 3558 895 3654 augeri,
922 3541 1149 3654 quodinani
1178 3563 1247 3658 jam

248 3673 482 3762 ventriculo,
498 3697 596 3770 aeger
609 3698 761 3746 vomere
775 3691 993 3771 cogeretur,
1006 3677 1182 3784 jusvdari,
1202 3693 1246 3782 et,

248 3793 278 3865 si
306 3791 553 3862 nihilominus
584 3789 925 3866 molesta'vornitio
949 3817 1039 3902 'esse
1063 3809 1246 3894 pergeret,

145 3971 147 3978 .
248 3934 379 3982 enema
398 3908 445 3981 ad
462 3907 708 3982 avertendum
724 3910 881 4010 impero.
894 3913 996 4006 „Quae
1015 3936 1102 3986 cum
1119 3910 1245 3988 frustra
