2858 4658
333 445 383 535 34
449 487 454 496 ·
497 469 546 520 ot
566 465 715 516 sumnus
739 463 783 516 st
808 464 931 516 ctus1s
956 469 1167 518 nonnosum

333 585 426 660 dum
448 583 678 682 aptissimam
706 578 876 653 reddant.
910 585 986 656 Cur
1020 584 1154 682 igitur,
1190 585 1336 682 inquis,

331 701 413 782 haec
425 725 536 798 supra
553 723 631 770 non
648 699 823 798 attigisti?
840 701 1027 778 Nimirum
1047 727 1127 774 non
1144 703 1271 802 attigi,
1287 729 1336 778 ne

333 822 380 898 cl.
410 817 616 890 nonnullos
639 817 742 889 viros
770 832 835 890 aut
871 820 1028 910 minoris
1051 817 1192 908 facere,
1219 847 1335 918 quam
1369 913 1374 923 Δ

330 961 478 1034 aequum
494 936 559 1022 sit,
576 949 641 1006 ant
659 935 840 1010 lacessere
857 936 1027 1028 viderer,
1044 940 1075 1012 si
1091 963 1134 1014 ea
1149 955 1214 1012 aut
1225 963 1334 1037 pror·

329 1078 393 1132 sus
411 1053 659 1151 negligerem,
673 1067 738 1126 aut
750 1053 995 1128 discutienda¹
1006 1057 1234 1154 susciperem
1251 1083 1334 1156 quet

329 1187 415 1246 ante
432 1172 578 1268 aliquot
594 1194 714 1244 annos
732 1171 787 1244 illi
803 1170 851 1244 de
868 1171 1032 1248 sebaceis
1054 1173 1256 1270 glandulis,
1279 1200 1335 1248 se·

328 1304 506 1386 cretaque
527 1288 574 1360 ab
592 1287 652 1360 his
670 1289 826 1365 materis
847 1303 1141 1386 proposuerunt.
1166 1292 1236 1362 Cui
1256 1290 1335 1366 dis-

328 1406 494 1481 cussioni
514 1406 670 1504 insuper
687 1407 851 1484 nonest
872 1404 946 1480 hic¹
970 1421 1183 1505 oportunus
1205 1407 1335 1500 locuS,

327 1527 469 1624 quippe
486 1549 568 1621 qnae
582 1538 619 1594 et
635 1523 793 1620 longum
808 1538 1023 1598 sermonem
1033 1537 1071 1596 et
1086 1523 1174 1614 tibi,
1189 1525 1335 1606 nedum

325 1642 435 1730 mihi,
450 1643 815 1740 ingratum,propter
825 1642 1073 1720 necessariam
1086 1665 1182 1740 saepe
1195 1667 1335 1716 eorum

322 1787 407 1860 qum
435 1760 524 1832 alias
544 1759 630 1831 satis
653 1781 843 1856 superque
870 1757 1027 1848 tradidi,
1045 1761 1334 1862 repetitionem,

220 1927 222 1934 ,
323 1877 517 1979 flagitaret.
548 1879 722 1968 Quorum
755 1891 974 1972 utrumque
998 1901 1043 1948 ex
1081 1880 1211 1975 paucis
1246 1904 1333 1976 quse

322 2021 450 2098 presse
469 1993 666 2081 indicabo,
684 1991 790 2066 tacite
811 1993 999 2090 conjicies.
1019 1994 1215 2082 Glandulae
1227 1996 1331 2070 seba·

321 2140 395 2190 ceae
421 2127 526 2199 sunt,
548 2113 750 2208 inquiunt,
764 2115 802 2180 tn
823 2109 976 2184 trachea
988 2165 999 2198 ,
1033 2113 1159 2185 canati
1172 2112 1330 2188 alimeri-

320 2248 463 2317 torum,
483 2244 548 2300 etc.
564 2233 610 2300 At
620 2242 662 2300 tu
670 2227 752 2325 lege
766 2225 919 2298 Advers.
935 2231 998 2315 tv,
1009 2227 1251 2306 wimadi-n&
1306 2242 1309 2254 '

370 2345 575 2419 Glandulas
592 2344 765 2416 sebaceas
776 2345 913 2442 passim
924 2367 993 2442 per
1010 2361 1135 2420 cutem
1155 2347 1329 2444 disjectas

320 2489 514 2564 uunquam
531 2467 691 2536 invenire
710 2463 800 2560 ipsis
815 2462 930 2534 licuit.
965 2467 1021 2534 Tu
1038 2467 1328 2563 veroinspioias

320 2586 416 2684 epist
434 2595 529 2653 anat.
544 2583 616 2667 Ill,
631 2605 668 2650 n.
686 2579 758 2651 3et
776 2585 810 2667 4.
828 2578 1161 2670 Viderunttumen
1180 2588 1219 2654 tn
1247 2599 1329 2658 cute

314 2705 453 2794 faciei,
463 2703 645 2798 pectoris,
673 2703 712 2768 et‘
736 2697 973 2770 brachiorum
997 2700 1249 2796 quorumdam
1261 2701 1329 2774 tro-

319 2825 459 2888 mtnum
472 2813 657 2915 punctulo
670 2814 799 2911 nigro,
815 2840 857 2888 cx
887 2839 997 2912 isque
1011 2817 1105 2892 locis
1114 2843 1193 2890 non
1206 2819 1326 2892 modo

320 2961 362 3007 ca
380 2933 579 3031 punctulo,
608 2931 673 3004 sed
703 2938 950 3029 unguincsam
973 2955 1144 3031 quoque,
1174 2951 1326 3018 teretem

317 3051 560 3129 vermiculum
575 3058 828 3142 mentientem,
838 3051 1001 3156 exprimi
1011 3061 1210 3129 materiam
1221 3081 1231 3126 .·
1242 3081 1325 3133 esse

318 3173 432 3270 igitur
449 3176 580 3240 incute
596 3194 689 3242 cara
702 3169 881 3267 quaedam
894 3177 1067 3258 minima,
1081 3179 1237 3269 quceort
1264 3179 1324 3248 cto

318 3291 466 3384 majora
480 3286 831 3385 deprehenduntur3
848 3289 915 3364 sed
932 3289 1010 3362 haec
1022 3315 1104 3387 quae
1122 3285 1321 3378 viderunt,

316 3414 590 3514 testatusque
612 3426 689 3476 non
709 3406 841 3478 adesse
865 3407 1112 3484 contendunt.
1139 3411 1170 3480 A
1196 3423 1323 3480 teau·

314 3537 391 3598 tem
409 3525 544 3616 iterum
558 3547 639 3619 quse
655 3523 833 3610 indicavi,
852 3509 999 3621 aliaque
1015 3549 1188 3596 meorum
1205 3527 1321 3622 scrip·

313 3655 439 3714 torum
463 3640 564 3722 lo'c'a,
590 3640 650 3711 vel
675 3643 802 3738 potius
830 3643 911 3711 nasi
936 3642 1001 3710 alce
1020 3644 1059 3711 in
1079 3637 1165 3738 viris
1186 3643 1321 3740 pleris-

298 3759 416 3856 que,
432 3773 468 3828 et
492 3751 645 3854 quidem
668 3760 784 3844 sanis,
810 3773 897 3830 sunt
927 3757 1179 3854 inspiciendae.
1218 3759 1320 3850 Quid

159 3895 164 3902 ’
252 3939 258 3958 ,
312 3865 668 3974 igituresse‚aiunt,
683 3898 773 3944 cava
791 3874 1094 3970 istaiVagt'nam
1113 3902 1194 3974 quse
1208 3891 1320 3949 antea

311 3992 399 4097 pili,
432 4015 535 4070 nunc
562 3983 759 4082 destructi,
790 3991 956 4066 radicem
982 3992 1316 4094 complectebatur.
