2746 4662
268 403 337 452 120
420 405 467 452 DE
492 401 640 452 sumnus
663 399 706 448 ET
733 397 858 450 CADSlS
881 399 1092 450 nortonam

262 515 415 614 obliqua
438 531 550 612 atque
574 513 738 610 oblonga
759 510 921 584 fractura
944 509 1088 586 facilius
1109 511 1262 606 accidit,
1343 578 1346 603 ‚

262 659 348 707 cum
366 637 404 704 in
421 649 628 704 transversa
640 645 847 702 extremum
869 645 1036 702 extremo
1051 629 1263 718 obnitatur,

261 753 390 848 sicque
403 750 561 821 alterum
578 747 626 818 ab
643 749 759 819 altero
778 749 815 818 in
827 748 1001 820 restituto
1022 749 1149 846 positu
1173 772 1271 820 con·-
1347 824 1348 827 Ἴ

166 917 169 924 ·
261 883 440 944 servetur
463 866 515 937 Ad
541 864 626 952 has,
648 865 811 963 aliasque
834 864 1110 960 ejusdemmodi
1135 889 1274 938 causas

136 959 161 972 “
260 983 427 1058 Valsalva
439 983 538 1054 hauc
553 981 735 1068 addebat,
753 985 791 1052 in
808 981 984 1082 oblongis
996 981 1073 1072 illis¹
1084 981 1264 1080 obliquis·

260 1127 335 1199 que
352 1100 548 1189 fracturis,
569 1126 702 1200 magna
718 1099 895 1172 violentia
912 1115 1025 1198 atqua
1042 1101 1189 1198 impetu
1202 1099 1268 1174 fae-
1351 1166 1353 1191 ,

261 1221 324 1306 tis,
338 1243 448 1316 posse
466 1217 670 1316 aliquando
689 1219 788 1290 inter
805 1217 899 1290 duas
913 1215 1021 1290 fracti
1040 1220 1132 1290 ossis
1142 1234 1266 1316 partes
1354 1302 1355 1305 Ἴ

261 1337 440 1436 quasdam
458 1363 502 1408 ex
521 1337 702 1410 musculis
726 1338 908 1436 proximis
929 1333 1043 1410 fibras
1066 1336 1267 1436 intercipi,

262 1481 344 1554 quac
371 1470 534 1526 exactam
552 1455 853 1553 {coaptationem
878 1470 914 1525 et
938 1454 1113 1526 coalitum
1149 1455 1269 1554 impe·

265 1573 384 1653 diana,
415 1588 479 1644 aut
496 1571 606 1644 huuc
625 1575 736 1643 etiam
765 1572 831 1644 diu
858 1588 1108 1676 remorentur.
1136 1571 1208 1644 Sed
1230 1587 1271 1646 ut

158 1737 159 1742 κ
260 1689 357 1764 nihil
370 1691 507 1762 horum
524 1687 717 1788 quaadicta
736 1705 837 1776 sunt,
857 1690 1018 1777 accidat,
1039 1705 1204 1762 autnon
1225 1716 1270 1764 eo
1352 1716 1361 1764 a

261 1809 405 1880 accidat
420 1808 536 1880 modo
563 1833 676 1906 quem
692 1807 755 1881 hic
773 1808 1035 1907 intelligimus,
1054 1823 1096 1880 ut
1116 1807 1271 1882 brevius
1359 1883 1362 1890 ,

258 1927 346 1999 inde
362 1952 403 1998 os
419 1927 572 1998 femoris
584 1924 664 2014 liat3
682 1923 904 1996 claudicatio
926 1927 1171 2035 tamenlvitari
1188 1952 1282 2000 non..

259 2046 417 2145 poterit,
446 2045 477 2116 si
505 2041 692 2130 musculi,
723 2041 895 2114 tendines
921 2045 1028 2116 nervi
1058 2070 1078 2116 a
1105 2045 1141 2114 vi
1169 2041 1274 2116 fran-
1364 2137 1365 2140 Ἴ

261 2178 395 2260 gente,
415 2178 512 2232 anta
535 2161 747 2232 consecutis
770 2160 1023 2234 incommodis
1042 2160 1150 2232 valde
1166 2159 1273 2232 infir·
1365 2221 1366 2228 ,

261 2282 371 2364 mati,
387 2275 584 2351 autfemur
591 2275 1276 2407 ‚autsubjectasfemoripartesjusto
1366 2353 1367 2360 ,

261 2396 401 2470 robore
418 2411 480 2467 aut
500 2393 615 2465 modo
637 2412 1001 2492 nequeautmovere

313 2512 370 2586 25.
405 2519 508 2612 Ipsas
530 2539 685 2612 quoque
709 2511 896 2609 subjectas
926 2513 1060 2587 femori
1093 2529 1219 2612 partes
1238 2473 1277 2588 el

258 2633 448 2734 plerisque
475 2631 615 2703 horum
632 2657 714 2729 quac
731 2630 831 2702 dicta
855 2647 958 2720 sunt,
983 2630 1165 2706 obnoxias
1194 2657 1278 2708 esse

259 2765 297 2822 et
332 2749 505 2821 claudum
542 2749 737 2848 hominem
768 2747 910 2836 facere,
941 2745 1181 2823 manifestum
1207 2765 1277 2824 est.

260 2872 390 2966 Itaque
421 2868 540 2938 multo
561 2859 741 2965 pauciora
763 2865 810 2938 de
832 2867 997 2965 singulis¹
1015 2890 1075 2954 me
1106 2866 1277 2956 scribere

263 2985 350 3058 satis
368 2985 463 3068 erit,
491 3009 512 3054 a
533 2985 707 3080 proximo
724 2982 829 3082 quod
851 3000 977 3058 tamen
1006 2984 1053 3058 ad
1077 2983 1279 3060 femurex

261 3101 905 3202 parteattinet,genuincipientem.

313 3218 370 3290 26.
391 3217 527 3288 Mulier
560 3217 667 3313 cujus
694 3219 1104 3318 mentiaepistolaottt
1127 3219 1185 3318 (1)
1216 3222 1278 3294 in-

262 3337 362 3434 jecta
383 3347 458 3422 est,
483 3333 638 3406 historia
665 3351 790 3406 autem
810 3338 849 3406 in
876 3335 974 3410 hanc
992 3352 1206 3436 propterea
1220 3340 1278 3412 di·

126 3477 153 3514 a
261 3453 335 3524 lata
347 3451 451 3550 quod
468 3451 617 3525 flectere
632 3454 791 3525 alterum
808 3478 993 3554 genunun
1007 3470 1171 3554 poterat3
1187 3481 1278 3530 oum

265 3595 415 3670 gravem
444 3568 568 3643 fronte
602 3572 804 3670 accepisset
831 3573 973 3662 ictum,
1006 3597 1137 3672 quem,
1166 3575 1276 3672 signa

305 3947 349 4028 (1)
370 3951 409 4007 N·
431 3969 462 4026 a·
