2836 4648
468 229 473 268 t

86 522 199 580 nme
209 485 774 599 rnmnaumsnnmusmumos.
790 522 903 576 anst.
914 523 1006 588 ixx,
1021 499 1092 605 677

88 645 292 719 desierunt.
322 647 454 740 Itaque
480 641 549 714 etsi
576 639 671 710 nihil
692 665 883 739 unquam,
910 645 983 716 nisi
1012 671 1096 744 quae
1210 645 1279 718 ⁷.
1383 651 1384 668 ¹

87 777 275 850 sumeret,
291 782 410 860 eaque
422 759 501 831 sine
517 757 598 829 ullo
611 757 711 833 malo
728 782 881 857 sapore,
897 776 962 833 aut
977 762 1095 836 odore

87 881 306 971 evomebat,
336 904 415 952 uno
455 893 613 976 exceptu
640 899 824 976 generoso
850 879 961 967 vino,
976 882 1097 982 'quod
1177 959 1179 962 ,

86 969 298 1072 mereatum
314 985 470 1086 vocant,
493 1011 627 1095 pr'aeter
646 996 771 1094 quod,
791 996 952 1070 cardiaci
970 1025 1095 1073 reme-

86 1117 142 1191 dii
156 1117 249 1189 loco
260 1116 408 1205 datum,
424 1114 521 1185 nihil
536 1113 746 1212 quidquam
762 1129 844 1186 toto
860 1105 995 1190 ultimo
1012 1119 1095 1191 vitae

85 1259 220 1308 mense
237 1235 378 1332 potuit,
392 1231 496 1305 unde
513 1217 672 1320 viveret,
688 1232 851 1307 retinere
865 1259 875 1320 ;
899 1237 1024 1340 tamen
1042 1236 1094 1308 ob

84 1337 126 1424 id
151 1354 276 1452 ipsum
302 1353 422 1423 macie
449 1365 675 1464 summafset
703 1347 807 1420 febre
837 1351 998 1440 iterum,
1027 1351 1093 1424 sed

80 1469 199 1557 lenta,
208 1489 373 1568 pressus,
388 1466 436 1538 ad
444 1465 562 1537 finem
576 1462 806 1570 properabnt
816 1471 926 1538 suum
936 1523 946 1556 ‚
956 1469 1090 1544 nonde

79 1587 229 1662 ventris
244 1601 394 1658 tumore
410 1585 491 1656 ullo
503 1597 568 1656 aut
579 1583 713 1656 dolore
723 1582 763 1654 i'n
778 1587 999 1658 nosocomio
1013 1587 1092 1659 'un-

83 1718 452 1809 quamconquestus,
464 1683 910 1800 nequepulsibuspr'aeter
924 1695 1091 1802 'aliquam

33 1845 34 1850 ’
83 1845 368 1922 nonnunquam
384 1821 723 1908 intermissionem,
751 1819 960 1918 quidquam
971 1837 1096 1896 osten·

85 1941 267 2015 dentibus
305 1939 410 2042 quod
445 1933 686 2037 peculiariter
717 1936 944 2036 displiceret.
984 1943 1094 2014 Vana

86 2039 218 2132 omnia
239 2056 392 2132 fuerunt
413 2056 642 2129 intrinsecus
667 2070 735 2162 aut
762 2057 1015 2147 extrinsecus,
1045 2051 1093 2131 ad
1151 2095 1154 2100 ·

85 2180 315 2251 vomitiones
331 2173 827 2278 compescendas'adhibita.
844 2177 946 2268 Quin
967 2201 1094 2276 argen-

84 2313 170 2369 tum
181 2299 308 2396 ipsum
317 2296 461 2400 vivum,
476 2293 582 2392 quod
594 2315 673 2364 uno
689 2294 931 2366 circiterante
944 2294 1093 2368 obitum

85 2436 332 2504 mense,cum
343 2411 611 2484 alvusminime
622 2409 876 2510 respondeus,
894 2411 1007 2485 iliacae
1015 2417 1093 2512 pas

84 2530 203 2602 sionis
215 2545 359 2613 metum
376 2513 574 2618 incuteret,
586 2531 702 2602 trium
714 2531 912 2602 unciarum
922 2531 1093 2631 pondere

85 2647 218 2722 datum
238 2633 380 2736 iuerat,
393 2665 518 2748 neque
529 2645 701 2752 profuit,
713 2641 841 2746 'neque
858 2659 989 2748 postea
1004 2673 1092 2722 cum
1177 2723 1178 2728 ,

83 2765 264 2860 ¹clysteres
288 2755 559 2862 dejicerentur,
594 2792 615 2838 a
647 2789 850 2866 quoquam.
870 2769 992 2838 visum
1013 2764 1091 2858 est3

83 2899 306 2982 quanquam
339 2869 471 2956 famuli
497 2906 584 2957 cum
619 2884 726 2958 alvus
757 2899 889 2984 postea
914 2885 1092 2958 nonni-hil

80 2999 244 3077 reddere
269 3004 485 3102 incepisset,
513 3027 611 3102 cum¹
626 3002 778 3076 faecibus
809 3006 939 3077 exiisse
968 3003 1091 3078 credi·

81 3120 234 3194 derunt.
248 3123 391 3194 Mortui
405 3119 571 3220 denique
584 3121 743 3194 cadaver
752 3147 840 3194 cum
847 3123 1091 3222 inspicerem,

81 3238 133 3311 ad
152 3264 234 3310 eam
252 3242 411 3313 maciem
427 3239 622 3314 redactum
639 3239 737 3330 vidi,
758 3253 802 3313 ut
820 3241 861 3312 in
882 3231 996 3315 dorso
1012 3265 1091 3314 ma·

81 3381 225 3444 nuum,
242 3373 283 3428 et
302 3357 444 3455 pedum
467 3359 692 3458 metacarpi,
724 3375 763 3445 et
788 3353 1092 3435 metatarsi³ossa

80 3474 262 3574 praeclare
287 3491 442 3570 possent
464 3476 736 3580 demonstrari,
763 3478 869 3578 oculi
893 3491 1020 3551 autem
1039 3475 1090 3547 o'b

81 3575 328 3692 pinguedinis
345 3609 488 3693 atergo
514 3593 726 3686 defectum,
749 3593 858 3692 ,mire
883 3590 1091 3666 introrsum

81 3711 237 3784 retracti
246 3724 383 3800 essent,
393 3713 622 3801 sanitamen,
638 3714 708 3786 etsi
717 3693 765 3786 ai)
776 3712 910 3786 lobulo
929 3713 1088 3786 sinistrae

82 3827 259 3900 auriculae
273 3817 399 3901 tenuis
418 3831 580 3903 annulus
593 3853 648 3900 ex
662 3828 854 3901 oricalcho
876 3828 1086 3926 pendebat,

82 3932 1088 4048 indicium,utsaepiussolet,mo'rbiinproximooculo

48 4095 50 4102 >
83 4065 175 4138 olim
198 4069 403 4168 praegressi.
425 4065 639 4142 Cum'forte
657 4089 701 4142 os
720 4065 859 4159 hiaret,
875 4089 1016 4166 paucos
1029 4067 1113 4144 siu

158 4210 196 4284 7«
809 4205 812 4212 ’
895 4180 943 4277 43
