2700 4660
68 457 144 503 ma.
160 455 218 503 ιν.
237 421 860 522 unuoumscn1aunc.,'etcssumss.
880 460 950 507 mx.
978 436 1044 510 251
1064 445 1069 453 '

22 569 97 656 illi,
112 571 174 641 sic
192 587 238 644 et
258 573 422 670 ipsinon
433 571 643 668 proximam
655 571 808 668 quidem
817 576 949 646 mortis
966 577 1051 648 'cau-

22 713 123 774 sam,
146 688 225 760 sed
246 713 393 760 causam
411 705 555 776 tamen,
573 705 609 760 et
625 690 863 762 occasionem
879 691 919 762 id
936 691 1052 790 phar-

22 828 185 876 macum
216 806 397 878 attulerit.
418 808 615 880 Tartarum
643 831 733 878 vero
760 810 959 880 emeticum
993 811 1052 882 vir

22 921 117 993 alter
139 923 355 1022 experiens
376 922 539 996 Jacobus
557 925 683 996 Foelix
702 925 757 1020 (ι)
781 950 866 998 cum
887 925 1053 999 dedisset

24 1041 135 1127 cani,
161 1055 207 1112 et
234 1056 450 1114 vomentem
466 1040 590 1113 adhuc
610 1043 837 1138 aperuisset,
849 1045 1050 1116 maximam

23 1155 69 1224 ad
91 1157 288 1254 pylorum
315 1157 652 1232 inflammationem
681 1184 750 1258 per
774 1159 918 1258 aliquot
942 1161 1051 1259 polli-

28 1297 115 1346 cum
151 1277 327 1376 spatium
352 1276 455 1348 vidit.
483 1275 571 1350 Non
599 1303 659 1350 me
689 1275 803 1376 fugit,
825 1275 1050 1353 clarissimos

29 1414 108 1462 esse
141 1395 256 1466 viros
279 1393 337 1490 (a)
362 1395 431 1491 qui
459 1394 682 1468 arsenicales
714 1419 820 1468 veras
836 1397 1050 1494 ²particulas

31 1509 68 1578 in
88 1512 316 1584 antimouio
328 1565 338 1598 ‚
352 1511 514 1584 necdum
526 1510 636 1585 fuisse
649 1511 942 1602 demonstratas,
958 1537 1051 1585 con-

33 1626 225 1700 tendant:
251 1653 377 1726 neque
396 1653 466 1727 ego
485 1644 687 1727 propterea
711 1631 882 1728 exempla
900 1630 978 1703 haec
995 1645 1052 1702 at-

35 1745 125 1833 tuli,
162 1747 366 1844 multoque
392 1748 518 1819 minus
550 1773 596 1819 ex
623 1748 745 1845 praecl.
773 1747 980 1823 Henckelio
998 1749 1053 1846 (3)

39 1860 131 1932 illud
155 1863 289 1960 butyri
315 1865 514 1934 antimonii
539 1861 692 1936 afferam
713 1889 783 1962 per
803 1888 971 1936 errorem
989 1891 1054 1938 ex-

39 1974 179 2069 hibiti,
211 1983 335 2052 'statim
366 1981 578 2054 consecutis
603 1980 765 2054 faucium
802 1996 839 2052 et
869 1981 1054 2054 stomachi

43 2099 339 2187 constrictione,
366 2113 407 2170 et·
427 2097 562 2172 ardore
590 2099 771 2187 immani3
795 2097 933 2170 deinde
961 2122 1053 2171 vero

45 2237 299 2309 permenses,
323 2239 524 2314 annosque
545 2217 591 2288 iis
618 2216 821 2290 ventriculi
842 2213 1053 2288 affectioni-

45 2329 139 2422 bus,
161 2349 207 2406 ut
226 2335 382 2432 planum
397 2331 527 2422 fuerit,
553 2335 626 2406 nisi
641 2334 699 2406 lac
719 2319 828 2406 illico
845 2349 881 2406 et
901 2335 1054 2433 largitee

48 2447 175 2524 datum
188 2451 244 2549 (id
263 2451 369 2549 quod
381 2451 428 2524 ab
443 2453 573 2550 auriga
591 2449 656 2523 illo
679 2453 913 2538 nimissero,
927 2477 1051 2550 eoque

49 2561 183 2642 frustra
193 2565 335 2641 factum
352 2573 511 2666 cst)non
525 2569 799 2641 tamvomitum
817 2568 1061 2665 adjuvando,

51 2708 159 2780 quam
189 2687 416 2760 acerrimum
441 2685 604 2758 erodens
631 2709 823 2756 venenum
847 2687 886 2756 in
905 2673 1055 2788 caseosa

53 2805 302 2902 coagula,quae
315 2803 608 2902 plurimaegesta
620 2817 721 2892 sunt,
733 2801 927 2900 illigando,
941 2827 1054 2901 opem

53 2922 248 3011 attulisset,
267 2921 462 2992 hominem
484 2921 695 2992 miserrima
713 2927 836 2992 morte
856 2917 967 2992 fnisse
990 2944 1054 3018 pe·

54 3035 219 3110 riturum.
237 3039 303 3110 Vis
316 3053 448 3122 ,autem
474 3036 569 3111 adeo
590 3037 752 3110 eredens
778 3038 819 3118 in
842 3061 887 3110 eo
905 3061 1068 3110 veneno·

55 3174 127 3225 uon
140 3170 254 3247 esset,
269 3157 341 3227 nisi
353 3169 532 3253 pararent
543 3179 629 3225 cum
639 3156 830 3226 mercurio
839 3152 1054 3226 sublimato.

57 3269 120 3342 Sed
136 3272 252 3370 hujus
273 3265 399 3344 tamen
420 3269 576 3344 eficctus
595 3286 638 3344 ut
653 3295 743 3343 cum
765 3266 963 3344 effectibus
980 3270 1056 3342 bu·

63 3498 1045 3526 W—

93 3657 134 3736 (ιῇ
152 3659 302 3736 Experim.
327 3681 380 3732 11,
402 3660 480 3716 inter
501 3661 537 3714 ea
561 3677 627 3734 quae
650 3657 766 3716 addidit
783 3657 899 3717 dissert.
924 3639 961 3716 dc
979 3667 1052 3714 mot.

63 3760 151 3830 perist.
168 3761 304 3818 intestin.

95 3870 133 3956 (a)
152 3876 318 3932 Commerc.
330 3872 433 3930 Litter.
444 3875 480 3929 A.
496 3871 545 3928 cit.
558 3871 649 3930 hebd„
663 3879 714 3945 24,
729 3890 759 3928 u.
777 3890 803 3929 1.
823 3891 825 3901 ¹

96 3984 133 4065 (3)
153 3991 219 4046 Act.
236 3991 275 4048 N.
291 3991 325 4048 C.
340 3999 412 4045 tom.
431 3987 464 4060 5,
482 3987 546 4046 obs.
564 3985 616 4064 95.
