2782 4652
297 433 384 524 {430'
483 457 530 504 nr
555 453 772 506 sturnus‘rr
796 457 920 508 ususrs
946 459 1156 510 nonnosum

191 662 196 666 .
297 569 451 668 inspici,
474 591 495 640 a
519 571 809 668 consanguineis
844 569 1081 670 prohibitum
1114 583 1201 648 csse.
1239 575 1302 646 Ob

298 687 468 762 camdem
488 684 644 761 fortusse
662 711 817 762 vculusum
834 687 975 776 factum
989 687 1231 779 crediderim,
1254 719 1303 764 nc

297 806 345 884 de
360 805 484 878 tribus
504 803 607 878 hisce
619 797 788 904 partibus
807 806 1013 906 quidquam
1035 809 1226 907 scripserit
1248 810 1303 897 is,

298 919 414 1022 quem
425 939 512 996 autc
523 923 621 996 diem
637 922 775 996 obiisse
788 949 884 1024 aegrc
898 925 986 1013 tuti,
1003 919 1212 1000 Morandus
1223 931 1303 999 Mo-

196 1093 202 1102 ·
296 1041 452 1116 randius
468 1041 545 1139 (ι),
570 1065 660 1116 cum
685 1040 869 1155 quqsdam
897 1065 982 1114 suas
1001 1041 1138 1148 codem
1163 1044 1302 1117 morbo

295 1157 555 1232 confectorum
573 1156 815 1232 dissectiones
826 1157 892 1230 illo
905 1160 990 1257 ipso
1006 1161 1300 1260 annorulgarct.

296 1283 339 1348 In
360 1301 439 1348 uuo
450 1277 559 1348 'onim
577 1275 675 1346 nihil
689 1289 943 1358 memoratum
961 1275 1090 1365 video,
1106 1279 1178 1350 uisi
1194 1303 1303 1351 urus·

296 1379 403 1478 cuius
416 1391 582 1466 thoracis
598 1391 743 1492 aliquot
759 1379 954 1482 externos,
972 1395 1217 1493 internosque
1242 1398 1302 1466 iu-

296 1511 531 1600 ssammatos,
561 1512 640 1582 imo
667 1532 892 1610 gaugrunae,
915 1521 953 1582 et
978 1511 1087 1608 quusi
1107 1506 1301 1611 puiredini

294 1630 499 1728 proximos.
512 1631 559 1698 In
571 1625 722 1699 duobus
737 1643 861 1699 autem
879 1627 927 1700 de
943 1627 988 1699 iis
1009 1629 1187 1702 musculis
1198 1629 1300 1700 nihil

296 1744 511 1844 atti-git3scd
522 1744 795 1850 ventriquum,
817 1747 1038 1834 etintestirjr't
1052 1744 1163 1820 fuisse
1185 1735 1298 1832 dixit,

295 1873 494 1962 gungraent
511 1858 642 1934 affecto
652 1906 667 1949 ,ι
681 1871 719 1934 et
734 1863 840 1960 nigra
856 1861 1096 1960 gmrcolcnte
1109 1861 1188 1936 biic
1205 1889 1299 1935 cun·

207 2065 209 2068 ,
262 1999 264 2003 ’
294 1995 487 2080 spurcata,
509 1980 692 2065 vesicam,
715 1991 753 2052 ct
776 2003 979 2052 cavernosa
1002 1981 1109 2079 penis
1137 2005 1300 2079 corpora

293 2097 588 2172 inflammatione
614 2111 811 2196 correpta,
837 2123 883 2168 ex
906 2095 1137 2169 membranis
1161 2099 1299 2171 multus

294 2217 437 2304 aridas,
457 2230 678 2320 tonsasque,
706 2213 921 2312 multasque
941 2215 1029 2288 alias
1047 2231 1167 2304 arcte,
1192 2231 1236 2288 ut
1259 2221 1297 2287 in

293 2333 632 2432 peripneumonia,
659 2355 755 2403 -cum
798 2331 1004 2405 visceribus
1039 2332 1296 2421 ouhaercntcS,

189 2504 191 2509 ,
292 2449 562 2552 pinguedinem
577 2449 685 2547 qudsi
696 2448 858 2535 nullam,
876 2463 1072 2522 omentum
1090 2475 1295 2550 propemo-

292 2569 383 2642 dum
398 2565 623 2656 arefactum,
636 2591 751 2649 venas
765 2567 1123 2666 deniqucsanguiue
1137 2593 1295 2668 prorsus

292 2689 422 2786 plenas
438 2707 553 2786 quam
567 2683 810 2773 fluidissimo,
826 2687 979 2760 arterias
995 2699 1120 2757 nutem
1135 2685 1294 2758 omuino

291 2809 571 2878 vacuascontra'
580 2816 720 2902 ,atque
738 2800 821 2892 alii,
836 2789 876 2889 id
862 2801 998 2932 quod
1014 2803 1170 2875 minime
1187 2806 1292 2903 iguo

291 2922 417 3010 rabat,
431 2917 498 2994 scd
515 2943 595 2992 nou
608 2939 760 3008 omues,
770 2919 810 2988 in
825 2892 905 2992 aliis
924 2915 1190 3016 hydrophobis
1203 2943 1291 2994 con·-

293 3051 853 3137 operierunt·

345 3179 399 3227 ιο.
430 3158 520 3245 Quae
552 3153 855 3239 observationes,
886 3151 916 3224 si
939 3157 1085 3250 spectes
1116 3154 1263 3251 quod
1254 3181 1289 3226 ru

230 3339 235 3345 ,
290 3269 575 3370 singulisdeest,
592 3268 985 3366 continuoosteudeut
992 3271 1289 3369 ,peripsustiou

291 3390 420 3488 augeri
444 3404 574 3461 earum
593 3356 826 3476 numerum,
844 3405 937 3484 quas
952 3389 1037 3458 vlu
1054 3389 1223 3486 Epistola
1242 3395 1289 3490 (ι)

290 3508 403 3580 nimis
420 3529 557 3605 paucas
572 3505 699 3588 adhuc
718 3527 797 3578 esse
821 3497 1094 3602 querebamur?
1113 3508 1151 3578 Si
1163 3521 1288 3580 tumen

289 3641 434 3726 spectes
450 3623 555 3722 quod
574 3622 729 3720 singulm
746 3624 786 3694 iu
803 3617 1029 3696 cudarorum
1052 3622 1111 3694 vel
1134 3625 1290 3722 quibus·

329 3902 371 3986 (1)
393 3908 477 3964 Bella
492 3909 571 3964 Cura
583 3913 743 3982 presenti.
756 3868 833 3966 della
847 3905 953 3970 rabbu
966 3908 1082 3967 canina.

325 4005 369 4082 (u)
389 4007 426 4061 N.
445 4006 481 4062 32
497 4007 528 4062 in
546 4004 599 4063 tin.
1153 4011 1156 4016 '
