2746 4662
264 487 332 537 102
427 487 474 533 ns
498 445 646 534 simius
667 483 714 529 nr
737 481 863 530 cauus
888 479 1097 529 aroasonun

257 600 411 672 dimidia
423 615 569 671 tantum
582 611 692 696 parte
704 611 914 694 supererat,
926 619 1045 692 eaque
1055 596 1275 667 anteriore:

258 719 299 788 in
321 719 428 814 cujus
447 715 566 785 fundo
592 713 799 787 substantia
828 727 906 784 erat
936 711 1107 809 quaedam
1135 708 1277 784 subru-

262 835 400 915 hante,
438 833 503 904 sed
531 831 657 904 lurido
680 831 825 920 colore,
854 844 897 902 ut
924 829 1098 900 morbida
1122 827 1278 900 videre-

259 968 386 1038 retur;
413 975 526 1048 quam
559 951 588 1022 si
614 964 810 1046 tangeres,
844 974 924 1018 non
951 947 1165 1045 ligamenti,
1206 945 1278 1018 sed
1369 1035 1370 1044 ἵ

259 1068 444 1167 glandulae
476 1066 760 1164 quodammodo
789 1083 925 1138 natura
963 1089 1042 1138 esse
1079 1063 1278 1136 crederes.
1348 1049 1370 1072 '¹

260 1185 420 1258 Dimidia
431 1199 553 1256 autem
573 1186 690 1256 altera
708 1209 795 1283 pars
812 1183 997 1257 acetabuli
1016 1203 1122 1254 ossea
1138 1181 1279 1279 impla-

262 1303 374 1375 batur
393 1302 619 1392 substantia,
639 1319 895 1401 praetereaque
919 1300 1162 1411 operiebatur
1189 1323 1279 1371 osse

259 1421 524 1518 quadantenus
534 1435 669 1508 terete,
690 1422 730 1491 in
748 1421 852 1519 quod
867 1417 1083 1518 superficies
1096 1417 1279 1516 proxima

261 1538 499 1612 excrescebat
524 1539 617 1611 ossis
643 1539 881 1610 innominati.
910 1541 1029 1634 Supra
1061 1535 1137 1605 boc
1166 1549 1281 1606 vetus

260 1658 527 1746 acetabulum,
567 1673 646 1729 erat
672 1658 714 1728 in
740 1655 832 1726 facie
860 1669 1013 1726 externa
1041 1653 1135 1724 ossis
1165 1652 1280 1723 ilium

260 1776 367 1874 quasi
388 1775 626 1847 acetabulum
646 1775 831 1880 alterum,
863 1799 908 1845 ex
927 1771 1134 1844 substantia
1162 1794 1281 1842 cons·

260 1907 429 1964 tructum
456 1893 556 1982 alba,
593 1891 701 1964 firma
730 1907 766 1964 et
791 1893 871 1989 ejus
903 1917 949 1962 ex
967 1915 1042 1988 qua
1071 1889 1280 1986 ligamenta

261 1989 556 2098 construuntur,
578 2011 787 2097 simillima,
813 2009 941 2080 addito
973 2009 1129 2104 insuper
1150 2005 1278 2078 limbo

259 2131 298 2199 in
326 2155 439 2227 quem
460 2155 539 2200 non
560 2129 684 2201 solum
700 2127 747 2205 ab
763 2129 971 2215 anteriore,
1000 2123 1067 2196 sed
1095 2123 1143 2194 ab
1164 2147 1279 2222 supe·

258 2251 359 2318 riore
381 2247 491 2318 etiam
514 2261 618 2346 parte
629 2245 888 2344 prominebat,
901 2243 1026 2315 media
1045 2244 1145 2314 inter
1165 2243 1280 2312 carti-

260 2365 424 2460 laginem
471 2364 815 2462 ligamentumque,
855 2377 998 2470 natura.
1040 2361 1155 2432 Laevis
1194 2375 1280 2431 erat

260 2480 373 2577 hujus
402 2471 587 2552 acetabuli
608 2477 738 2566 facies,
765 2478 799 2551 si
822 2477 1041 2551 inleriorem
1068 2475 1280 2574 quemdam

259 2599 299 2670 in
318 2624 359 2670 ea
380 2600 505 2671 locum
518 2591 726 2697 exciperes,
748 2624 861 2697 quem
874 2595 1022 2669 rubella
1042 2619 1122 2666 non
1140 2595 1281 2691 exigua
1369 2629 1370 2680 3

260 2718 412 2790 tenebat
424 2717 649 2806 substantia,
662 2743 733 2815 pro
744 2717 1012 2813 mucilaginosa
1025 2712 1203 2811 glandula
1224 2711 1280 2783 fa·
1369 2773 1370 2788 ,

260 2835 330 2904 cile
356 2837 489 2933 agnita.
522 2841 733 2934 Exceptum
768 2829 806 2904 in
834 2834 908 2904 hoc
932 2829 1171 2904 acetabulum
1196 2845 1280 2902 erat
1369 2873 1370 2898 t

259 2949 411 3022 femoris
429 2967 561 3050 caput,
581 2950 689 3022 nullo
709 2965 828 3022 terete
845 2948 999 3020 vinculo
1025 2949 1279 3036 instructum,
1369 2941 1370 2970 Τ

224 3063 226 3065 ’
259 3091 385 3164 neque
408 3068 515 3139 solita
539 3067 822 3164 magnitudine,
848 3063 985 3155 forma,
1004 3065 1160 3136 laevitate
1179 3087 1278 3161 prae·
1369 3133 1370 3138 ,

260 3183 392 3254 ditum.
407 3183 580 3282 Namque
594 3183 692 3255 ubia
714 3185 861 3255 cervice
876 3199 1019 3256 exstare
1043 3181 1275 3280 incipiebat,

259 3300 313 3372 ibi
331 3301 484 3398 quidem
503 3301 609 3372 nulla
632 3300 768 3372 burum
800 3300 938 3374 deerat.
967 3299 1039 3372 Sed
1065 3314 1275 3397 postquam

261 3421 314 3490 sic
348 3419 581 3516 aliquantum
620 3433 871 3518 processerat,
905 3416 1209 3516 deprimebatur,
1237 3431 1276 3488 et

225 3561 232 3578 ·
259 3534 440 3607 nudatam
467 3537 682 3634 cartilagine
706 3537 952 3610 substantiam
980 3559 1123 3610 osseam
1146 3549 1275 3606 osten-

263 3652 376 3726 debat
398 3679 407 3723 :
428 3677 512 3750 quae
541 3678 631 3725 mox
663 3655 702 3724 in
735 3679 884 3725 summo
903 3651 1012 3724 firma
1033 3649 1205 3748 quidem,
1239 3665 1277 3722 et

260 3769 355 3843 dura
374 3785 411 3842 et
429 3770 575 3856 albida,
598 3771 664 3844 sed
684 3795 843 3869 gratiosa
861 3769 963 3848 haud
992 3791 1097 3841 secus
1120 3793 1275 3866 appare.

259 3887 342 3977 bat,
354 3913 396 3960 ac
414 3889 454 3960 in
478 3890 607 3964 multis
624 3891 753 3964 vesicae
771 3889 944 3962 urinaria
951 3887 1104 3961 calculis
1118 3883 1275 3984 superfi-

245 4005 547 4080 ‘ciemvidemus
