2858 4658
188 457 318 506 nmio.
333 457 381 504 nn
392 454 528 510 nonnis
541 455 741 520 minure„
758 447 827 522 etc.
844 457 956 514 noter.
971 459 1027 506 nv.
1082 461 1124 536 ,²¹

122 543 226 648 certe
243 585 411 672 poterat..
432 569 534 663 Quid
557 569 637 646 dici
655 569 704 642 ad
728 567 807 646 haec
833 574 989 670 potest?
1006 574 1131 666 Illud,

123 697 285 793 opinor„
294 715 382 775 ¹non
404 689 535 776 deesse
552 688 720 762 medicos
744 691 811 787 qui
835 705 967 782 contra
989 705 1129 766 testem,
1236 721 1240 728 ·

121 822 202 898 tur,
220 807 334 907 quod
348 831 421 884 nos
437 822 657 892 tutumesse
676 829 878 904 negamus,
896 807 938 884 id
954 808 1026 888 sibi
1046 833 1143 908 pros.

122 928 267 1004 miscuo
283 927 324 998 in
338 923 508 998 scabioso
522 922 711 1022 quolibet,
728 905 886 997 feliciter
907 949 1076 1025 semper,
1093 942 1132 1009 et
1152 973 1160 988 ·

120 1045 202 1120 sine
216 1044 300 1116 ullo
315 1041 422 1142 quod
439 1045 654 1122 insecutum
667 1044 733 1131 sit,
748 1041 978 1117 detrimento
991 1067 1131 1124 succes:

121 1163 223 1236 sisse.
245 1165 389 1238 Verum
409 1175 452 1238 ut
466 1185 538 1236 nos
554 1185 687 1238 eorum
706 1159 988 1265 observationes
1000 1163 1042 1234 in
1058 1162 1130 1236 du-

121 1279 232 1367 bium
247 1304 329 1352 non
350 1301 555 1356 vocamus:
573 1279 626 1355 ita
645 1303 796 1376 aequum
818 1302 896 1352 esse
924 1279 1149 1372 oredimus,¹

122 1413 162 1473 ut
178 1399 255 1498 ipsi
273 1412 440 1487 nostras,
462 1410 500 1474 et
513 1409 571 1470 tot
586 1397 750 1488 aliorum
763 1396 1023 1486 medicorum,
1035 1422 1130 1496 quas

123 1541 236 1616 supra
256 1514 599 1616 (slindicavimus,
612 1515 654 1590 in
670 1513 831 1594 dubium
845 1539 893 1588 ne
905 1531 1054 1592 vocent.
1070 1514 1129 1594 Ad

121 1659 213 1734 quas
232 1633 349 1707 addes
370 1629 589 1704 Hoffmanni
608 1630 663 1728 (a)
682 1630 795 1718 alias,
822 1645 859 1702 et
882 1630 1043 1704 aliorum
1062 1633 1130 1730 qui
1158 1712 1160 1716 ,

121 1749 270 1852 abipso
282 1749 484 1822 laudantur
497 1747 563 1847 (3).
579 1746 747 1839 Quibus,
761 1762 799 1822 et
807 1748 888 1821 aliis
900 1773 994 1846 quas
1008 1751 1135 1832 sciens,
1191 1820 1193 1824 .

122 1870 277 1956 omitto,
299 1882 411 1966 quot,
428 1881 466 1940 et
492 1889 607 1964 quam
623 1867 749 1963 gravia
771 1865 869 1958 mala
887 1866 939 1940 sic
958 1866 1129 1940 abactam

123 1985 288 2072 scabiem
298 1999 427 2059 secuta
439 1985 532 2074 sint,
549 1979 790 2076 manifestum
800 1981 842 2078 lit
851 2037 862 2074 ,
879 1999 916 2076 et
929 1985 1033 2082 quod
1044 2009 1131 2056 con·

124 2105 315 2204 sequitur,
334 2102 381 2178 de
399 2126 442 2176 ea
464 2101 659 2196 curatione
682 2125 796 2199 quam
821 2101 910 2174 alias
930 2103 1047 2174 alium
1064 2103 1130 2188 ha,-

123 2223 251 2310 buisse
265 2223 408 2302 exitum
424 2233 570 2304 constat
583 2217 703 2318 ‚quid
717 2221 945 2302 tutissimum
961 2221 1007 2294 sit
1023 2245 1130 2296 cons·

124 2343 272 2416 tituere..
706 2423 707 2431 χ

170 2485 205 2558 9.
226 2460 418 2552 Quoniam
436 2470 563 2540 autem
579 2456 762 2550 adversus
785 2455 951 2543 scabiem
968 2456 1130 2556 sulphur

125 2577 222 2650 inter
240 2593 370 2650 caetera
388 2577 429 2648 in
448 2598 521 2650 usu
538 2589 615 2663 est;
634 2573 682 2644 de
701 2599 750 2668 ρο,
770 2571 1009 2671 peculiariter
1029 2599 1129 2646 non·

126 2695 230 2774 nulla
248 2693 440 2769 addemus.
454 2699 458 2708 '
472 2693 646 2774 Exterius
671 2689 828 2786 quidem,
846 2691 886 2762 in
904 2693 1129 2788 unguentis,

125 2811 355 2900 lotionibus,
372 2826 411 2884 et
422 2809 584 2882 indusiis
600 2810 716 2888 etiam
728 2804 1129 2905 adhibetur2siveejus
1198 2897 1200 2901 Ι

127 2927 336 3018 suffitione,
364 2943 408 3004 ut
426 2952 538 3026 supra
556 2926 610 3026 (d)
627 2927 940 3015 commemoraui,
958 2925 1034 2998 sive
1058 2936 1130 3024 poe

126 3048 199 3124 tius
215 3045 437 3119 decoctione
447 3049 521 3135 ‚wita
538 3059 581 3117 ut
595 3059 725 3144 postea
735 3042 782 3116 ad
793 3043 911 3126 solem
926 3058 991 3120 aut
1001 3043 1129 3141 ignem

129 3165 385 3254 exsiccentur,
416 3162 626 3252 medicatis3
647 3187 789 3260 quem,
814 3175 856 3232 ut
872 3157 1078 3238 faciliorem
1095 3175 1132 3234 et

128 3281 248 3358 multo
263 3280 551 3380 elegantiorem,
566 3278 724 3362 modum
740 3277 865 3352 laudat
874 3277 1052 3378 Willisius
1062 3276 1133 3376 (5),

168 3604 210 3688 (1)
232 3608 272 3664 Ν.
288 3623 327 3676 a„
343 3604 360 3662 3
376 3615 405 3662 et
422 3623 450 3676 7.

169 3703 211 3786 (a)
233 3710 250 3777 ς
267 3703 319 3776 15,
337 3722 428 3780 supra
442 3704 482 3762 ad'
498 3724 529 3760 n.
544 3725 562 3778 7
577 3705 627 3762 eit.

166 3803 210 3884 (3)
231 3807 268 3862 In
284 3802 359 3862 thes.
374 3805 486 3880 pathol.
500 3805 574 3866 ibid·
590 3807 658 3880 oit.‚
674 3809 689 3877 s
706 3805 753 3863 18.

170 3905 213 3982 (o
234 3906 274 3962 u·
298 3905 327 3962 ³·
564 3933 570 3945 ·

168 4002 213 4089 (t)
232 4001 353 4070 phorm.
365 4014 422 4068 rat.
435 4023 458 4063 s.
477 4003 511 4078 3,
526 4023 552 4066 c.
566 4003 598 4069 62
