2836 4648
252 407 288 466 ’.
319 391 390 468 628
483 413 531 462 nr
556 411 701 462 sturnus
725 411 770 458 rr
794 409 918 461 ciusrs
943 413 1159 465 morionum

318 525 524 599 sectionem
563 523 664 623 apud
699 524 873 597 eumdem
902 543 1098 602 auctorem
1133 531 1325 618 invenies,

312 650 402 719 item
416 670 498 744 quae
506 643 597 715 dum
608 642 827 742 pestilentia
836 642 910 716 hoc
920 647 1055 719 saeculo
1070 662 1138 718 aut
1147 645 1325 719 homines

315 779 397 852 aut,
415 759 520 860 quod
540 758 661 849 multo
682 759 833 857 saepius,
848 773 885 831 et
898 749 1021 832 multo
1040 762 1226 860 pluribus
1238 763 1329 834 locis

318 879 476 966 accidit,
490 877 627 963 boves,
648 876 870 949 invaserant.
891 881 1045 951 Exstant
1058 881 1167 951 enim
1186 877 1327 951 borum

317 997 508 1096 extispicia
527 1011 608 1068 tum
627 993 675 1067 ab
690 994 937 1085 nostratibus,
955 1009 1035 1068 tum
1047 997 1096 1068 ab
1107 1013 1326 1070 exterarum

317 1119 513 1190 nationum
522 1111 676 1186 medicis
691 1112 899 1186 litterarum
910 1117 1101 1186 memoriae
1108 1117 1327 1226 commissa.

314 1239 517 1330 Nunquam
538 1246 664 1304 tamen
681 1255 759 1301 non
778 1229 976 1328 cogitabiS,
1000 1255 1083 1328 quae
1107 1233 1151 1304 in
1174 1234 1328 1304 visceri·

206 1407 208 1418 t
314 1352 387 1424 bus
418 1349 494 1422 sive
521 1345 859 1434 inflammationes,
885 1348 961 1420 sire
992 1371 1229 1447 gangraenae,
1255 1350 1328 1420 sire

315 1469 385 1540 alia
415 1463 687 1538 dissecantibus
708 1488 747 1536 se
766 1462 960 1554 obtulere,
984 1461 1165 1536 effectum
1200 1467 1327 1564 potius

314 1583 496 1684 praecipui
511 1581 660 1654 latentis
675 1580 815 1671 morbi,
836 1606 951 1678 quam
973 1581 1159 1653 morbum
1179 1583 1326 1682 ipsum,

313 1701 421 1774 facile
443 1700 567 1772 fuisse.
602 1699 703 1790 Quin
733 1699 857 1797 aliqua
886 1700 926 1770 in
955 1699 999 1772 iis
1026 1699 1327 1774 dissectionibus

315 1836 495 1918 tanquam
523 1831 659 1915 praeter
683 1831 855 1888 naturam
874 1819 1088 1915 proposita,
1107 1817 1324 1889 secundum

316 1951 516 2028 consuetas
534 1949 676 2008 naturae
691 1933 791 2032 leges
804 1931 959 2010 fortasse
977 1958 1057 2006 esse
1072 1935 1273 2032 potuisse,
1287 1949 1325 2006 ut

314 2070 405 2158 puta
424 2077 510 2126 cum
525 2053 565 2122 in
586 2049 728 2139 bobus,
752 2049 814 2123 lue
835 2053 993 2139 enectis,
1014 2037 1156 2149 passim
1177 2052 1322 2124 videbis

314 2163 529 2244 adnotatam
546 2169 700 2242 nimiam
719 2169 889 2243 vesiculae
905 2163 1000 2240 fellis
1016 2169 1321 2267 plenitudinem,

313 2291 392 2360 imo
404 2285 452 2358 ab
471 2283 667 2358 nonnullis
689 2309 760 2384 pro
779 2309 890 2358 causa
908 2283 1075 2356 habitam
1092 2283 1318 2381 dysenteriae

313 2430 396 2504 quae
412 2403 529 2496 bores
542 2405 791 2506 cruciaverat,
808 2418 846 2475 et
860 2401 1192 2490 inflammationis,
1206 2403 1317 2500 spha·
1408 2443 1409 2446 =

314 2524 459 2620 celique
487 2520 777 2610 intestinorum,
805 2545 883 2619 quo
907 2519 1082 2594 videlicet
1107 2534 1217 2592 tanto
1242 2545 1319 2591 ma-

309 2642 433 2737 J'orem
449 2641 597 2739 copiam
613 2639 828 2711 immisisset
843 2636 1151 2726 erodentisbilis,
1173 2651 1316 2736 quanto

311 2739 469 2855 ipsahac
486 2757 603 2854 magis
611 2753 845 2848 refertaherat.
855 2756 927 2830 Vix
940 2755 1170 2854 unus,quod
1184 2758 1315 2844 sciam,

311 2861 553 2950 Manchartus
567 2871 622 2970 (1)
644 2897 726 2944 rem
755 2873 862 2946 aliter
890 2873 1068 2971 explicari
1088 2897 1206 2972 posse
1230 2897 1317 2946 cen·

310 2994 404 3080 suit,
423 2993 499 3064 sive
516 3016 595 3064 non
621 3006 697 3062 tam
721 2989 821 3080 bile,
837 3016 949 3090 quam
968 2993 1080 3078 aeris,
1102 2993 1144 3062 in
1163 3007 1314 3088 putres·

310 3122 418 3181 cente
444 3106 521 3180 bile
551 3133 597 3183 se
627 3110 892 3207 expandentis,
924 3095 1116 3208 particrfiis
1148 3108 1314 3190 distendi

309 3207 509 3298 vesiculam
528 3224 786 3322 conjiciendo,
803 3227 896 3316 sive,
917 3226 1070 3325 quando
1087 3227 1200 3298 istam
1222 3229 1313 3300 aeris
1405 3231 1406 3244 ¹

308 3343 576 3443 expansionem
602 3343 800 3442 aliquoties
823 3343 919 3440 (non
946 3323 1110 3442 semper)
1136 3342 1313 3418 observa·

308 3477 484 3534 tamesse
506 3457 615 3550 dicit,
633 3459 840 3561 ponendo,
873 3459 921 3532 ab
948 3459 1116 3534 duodeni
1144 3463 1314 3536 intestini

307 3579 446 3650 tunicis
461 3575 756 3650 inflammatione
774 3577 1026 3666 tumentibus,
1060 3594 1125 3652 aut
1145 3605 1311 3680 spasmo·

347 3935 358 4009 l
363 3936 390 4012 ι)
410 3938 530 4016 Disput.
543 3939 580 3997 de
591 3941 641 4001 lue
654 3957 768 3998 vaccar.
783 3939 987 4018 Tubingensi,
1005 3944 1021 4013 ς
1037 3942 1083 4000 18.
