2700 4660
308 425 381 512 aio
467 449 514 496 nr
540 449 686 497 surinus
712 451 757 496 cr
782 449 906 502 causis
933 453 1143 506 ιιιοιιιιοιιιιι

308 569 386 635 rius
404 568 442 635 in
454 572 650 662 antiquum
667 565 932 662 cenotaphium
948 574 1073 642 Marci
1084 575 1231 642 Artorii
1238 589 1298 641 me·

308 685 386 754 diei
397 687 554 754 Caesaris
568 685 740 776 Augusti.
762 719 813 738 --
827 685 1131 756 Exercitationes
1146 688 1298 784 publicu

308 803 357 874 de
381 801 520 872 morbis
544 803 685 896 capitis.
707 837 756 852 -·
779 802 909 870 Oratio
932 801 979 872 de
1002 790 1174 874 remediis
1197 810 1298 902 speei-

295 921 398 1016 ficis.
417 956 466 970 -
490 913 623 986 Flores
641 913 1009 1012 medico-chirurgici.
1037 923 1124 990 'Cur
1142 919 1200 991 his
1218 919 1297 990 duo·

303 1035 378 1104 bus
400 1030 542 1102 ultimis
563 1033 710 1129 scriptis
728 1057 806 1104 non
827 1035 1056 1129 interjecerit
1079 1037 1248 1120 Petinus,
1265 1051 1297 1106 nt

306 1150 482 1222 editionis
510 1150 605 1220 ordo
628 1148 864 1246 postulabat,
883 1154 1095 1226 orationem
1113 1179 1196 1250 quae
1212 1177 1298 1226 seor·

276 1347 285 1364 .
305 1293 388 1341 sum
402 1267 504 1365 apud
519 1293 579 1338 me
596 1283 732 1354 exstat,
759 1270 812 1339 sic
832 1269 1072 1368 inscriptam,
1085 1294 1298 1342 vanamesse

304 1385 551 1482 astrologiam
563 1386 707 1457 medico
718 1385 837 1484 plane
851 1385 1062 1484 indignam,
1077 1415 1192 1486 qnam
1210 1412 1296 1460 anno

193 1548 199 1566 ·
306 1505 400 1604 1690
429 1504 490 1576 hio
515 1504 714 1591 habuerat,
734 1506 907 1602 typisque
936 1506 1162 1604 descriptam
1173 1507 1295 1604 ,vulga

299 1638 422 1711 verat,
437 1647 515 1692 non
532 1625 649 1720 magis
664 1623 758 1710 scio,
783 1648 901 1720 quam,
920 1647 989 1696 cur
1011 1623 1088 1697 duo
1103 1624 1151 1696 de
1168 1624 1294 1720 quibus

300 1741 395 1828 dixi,
415 1740 688 1838 opusculorum
703 1741 897 1813 volumina
917 1743 1089 1839 neglecta
1104 1743 1200 1814 adeo
1221 1742 1293 1812 reli·
1341 1731 1342 1790 ἕ

299 1861 443 1959 querit,
463 1874 505 1930 ut
531 1861 603 1929 nisi
624 1860 663 1928 in
684 1883 819 1930 manus
846 1861 1036 1932 venissent
1055 1882 1177 1948 meas,
1197 1859 1291 1932 facile

297 1978 470 2051 excidere
484 1993 521 2049 et
532 1978 655 2074 perire
664 1979 878 2074 potuissent
893 1977 1069 2048 chartulae
1079 1999 1188 2075 quas,
1200 1977 1291 2048 nullo

252 2141 254 2143 -
296 2121 460 2168 annexas
478 2096 636 2192 glutine,
651 2094 720 2165 hic
744 2095 821 2166 illic
840 2119 978 2192 magno
1001 2121 1166 2176 numero
1187 2097 1290 2166 inter·

289 2215 451 2310 jecerat,
473 2213 667 2284 nonnulla·
687 2215 727 2282 in
751 2213 945 2312 opusculis
966 2213 1056 2311 ipsis
1078 2214 1288 2297 emendans,

294 2331 457 2429 plurima
474 2345 598 2402 autem
619 2331 794 2428 preclare
819 2330 1031 2420 illustrans,
1060 2332 1287 2427 multumque

275 2474 445 2546 eugeus.
460 2451 551 2539 Quae
566 2475 673 2520 nunc·
685 2449 862 2520 chartula
879 2449 1078 2547 diligenter
1094 2475 1115 2520 a
1132 2477 1193 2522 me
1215 2473 1289 2548 per·
1319 2457 1321 2464 '

293 2566 414 2654 lectae,
437 2583 473 2638 et
489 2567 648 2656 collata,
664 2567 817 2664 singulte
836 2567 882 2638 ad
900 2568 1046 2665 singula
1062 2569 1287 2667 agglutinata
1340 2617 1341 2644 l

292 2699 381 2758 sunt
398 2683 480 2754 loca
497 2685 543 2756 ad
564 2709 647 2781 quae
666 2684 930 2782 pertinebant,
954 2701 996 2756 ut
1019 2684 1127 2758 facile
1149 2702 1213 2758 aut
1230 2707 1287 2782 per

288 2826 372 2889 me,
390 2801 575 2898 siquando
604 2805 728 2874 minus
763 2817 970 2900 occupatus
992 2801 1120 2889 fuer0,
1147 2819 1211 2874 aut
1229 2821 1286 2900 per

290 2919 383 2991 alios
408 2945 451 2990 ea
471 2923 607 3018 scripta
626 2921 704 3016 jam
729 2921 875 3017 possint
898 2922 1029 2992 iterata
1055 2922 1220 2994 editione
1241 2921 1284 2990 sic

288 3035 471 3136 proferri,
491 3038 815 3136 quemadmodum
830 3039 1193 3136 pereruditoeorum
1208 3060 1282 3110 auo-

289 3158 364 3228 tori
378 3157 578 3254 placuerat.
600 3161 662 3226 Hae
684 3171 819 3231 autem!
833 3157 1011 3231 chartulae
1041 3172 1214 3254 spectant
1241 3151 1281 3226 ad

288 3276 579 3346 commentarios
596 3299 693 3372 quos
712 3275 943 3362 memoravi,
961 3274 1154 3346 nonnullae
1171 3277 1208 3346 in
1228 3295 1281 3342 ce·

287 3394 512 3492 notaphium
526 3397 576 3462 M.
596 3394 757 3479 Artorii,
777 3392 890 3490 longe
908 3393 1036 3490 plures
1056 3394 1097 3462 in
1113 3396 1280 3491 primam,

286 3508 1279 3610 etsecundamextribusSmyrnensibusinscriptioni·

284 3627 1034 3725 hus,pluriniaeauteminmouumentnm
1048 3630 1277 3700 Marcelline.
1339 3683 1340 3700 ι

282 3746 339 3816 Ad
355 3746 607 3843 qnasultimas
626 3745 1048 3852 aceeditautogrnpha,
1073 3745 1277 3817 necitabre·
1339 3743 1340 3788 ³

280 3864 544 3960 vis,epistolaa
561 3849 779 3960 famigerato
796 3863 877 3934 viro
894 3851 1068 3946 Gisberto
1079 3867 1225 3962 Cupero
1236 3855 1275 3930 ad

269 3981 453 4052 -Patinum
465 3985 595 4071 missa,
610 3980 735 4080 siquid
746 4005 815 4082 ego
821 3980 968 4077 judico,
984 3966 1146 4078 utroque
1160 3981 1272 4089 digna.
