2700 4660
255 473 373 568 ‚274
470 489 518 544 nn
543 461 691 538 stultus
714 485 760 534 rr
783 481 909 538 esnsts
934 485 1146 536 nonnoso-rr
1239 481 1245 490 ·

298 603 479 692 memini,
496 626 584 678 curn
600 601 732 672 missos
749 597 796 670 ab
813 601 936 672 amico
957 623 1085 672 mures
1104 625 1244 674 novem
1263 625 1302 674 ex

218 795 222 819 ,
248 815 249 820 Ἰ
301 720 702 821 majoribusarsenico
727 733 881 792 enectos
901 718 1151 808 dissentirem,
1173 719 1302 793 vidisse

299 844 343 916 in
365 839 510 914 cunetis
531 837 719 912 auriculas
737 835 866 934 anrbas
884 837 1010 910 cordis
1028 837 1137 936 nigro
1160 839 1302 937 sangui-

300 983 351 1036 ne
373 959 573 1043 distentas,
598 954 677 1050 sed,
697 979 823 1052 neque
847 955 1066 1053 coagulato,
1094 979 1243 1054 neque,
1268 971 1303 1028 ut

299 1073 584 1162 inviventibus,
599 1071 709 1144 valde
735 1071 866 1144 fluido.
888 1077 1032 1146 Verum
1053 1073 1143 1172 quia
1166 1099 1248 1146 non
1268 1087 1302 1145 ut

300 1196 438 1270 veneni
457 1191 634 1281 effectus,
654 1189 721 1264 sed
740 1206 783 1262 ut
799 1192 870 1262 alia
893 1207 1007 1289 atque
1023 1190 1111 1281 alia,
1132 1193 1182 1265 sd
1200 1209 1301 1265 natu·

300 1314 397 1388 rales
420 1309 603 1410 quasdam
633 1323 841 1381 structuras
870 1310 1085 1398 attinentia,
1119 1314 1301 1410 perspice·

301 1457 402 1522 rem,
430 1430 514 1502 illas
538 1427 718 1500 bestiolas
745 1417 982 1515 incidebam,
1011 1427 1109 1500 nihil
1132 1447 1302 1528 praeterea

303 1549 409 1650 quod
432 1547 509 1620 huo
539 1547 717 1635 attineat,
746 1543 971 1616 adnotatum
1001 1545 1148 1637 habeo,
1180 1549 1253 1622 nisi
1270 1551 1302 1618 in

302 1667 481 1743 omnibus
494 1663 603 1738 valde
622 1663 779 1762 plenum
794 1660 908 1736 luisse
924 1665 1204 1754 ventriculum,
1221 1691 1302 1754 nee,

302 1802 487 1888 quantum
504 1783 670 1855 exterius
692 1771 920 1880 apparebat,
947 1781 987 1852 in
1006 1782 1087 1854 ullo
1105 1783 1302 1856 inflamma·

300 1924 399 1995 tum,
413 1904 611 1999 multoque
623 1901 750 1972 minus
766 1901 977 1997 pertusum,
996 1925 1160 1996 quorum
1172 1919 1302 1984 utrum·

302 2050 378 2125 que
408 2023 454 2094 de
478 2020 667 2092 intestinis
695 2041 851 2115 quoque
881 2017 1025 2090 dictum
1053 2035 1199 2120 putato.
1235 2026 1301 2093 Nec

302 2140 470 2238 lleydius
488 2137 542 2234 (1)
557 2137 597 2206 in
620 2133 772 2206 duobus
789 2135 856 2230 qui
878 2133 978 2206 idern
996 2159 1188 2210 venenum
1206 2163 1301 2210 vora-

303 2273 457 2344 verant,
475 2253 648 2329 muribus
665 2249 853 2360 refertum
870 2251 963 2324 limo
987 2268 1025 2326 et
1040 2279 1157 2354 pane,
1173 2259 1301 2331 ventri·

304 2376 430 2451 culum
449 2371 725 2444 inflammatum
742 2384 806 2442 aut
827 2395 979 2444 erosum
999 2369 1113 2445 fuisse
1138 2376 1199 2446 ait.
1215 2373 1300 2446 Illud

304 2519 396 2568 vero
409 2493 477 2582 ait,
491 2513 578 2565 cum
594 2490 755 2561 alterurn
771 2504 965 2560 mortuum
982 2489 1206 2582 dissecaret,
1225 2517 1301 2565 nam

304 2615 465 2688 alterum
481 2611 670 2680 viventem
685 2604 842 2694 incidit,
860 2607 986 2679 nihile
999 2615 1104 2681 vasis
1123 2613 1303 2708 ffflususe

304 2733 518 2829 sanguinis,
546 2729 624 2798 imo
647 2751 669 2796 e
692 2723 815 2797 cordis
845 2725 1081 2817 ventriculis,
1108 2732 1190 2827 ejus
1218 2751 1302 2800 tono

306 2851 488 2935 abscisse,
501 2869 547 2916 ne
563 2857 710 2941 guttam
721 2847 866 2916 cruoris
874 2841 1053 2932 stillasse,
1068 2867 1116 2916 an
1127 2844 1232 2944 quod
1242 2845 1301 2916 alia

306 2969 346 3038 in
358 2989 445 3036 vasa
462 2962 752 3051 secessisset,an
771 2958 876 3056 quod
889 2974 1090 3034 concretus
1101 2978 1300 3053 esset,eum
1339 3031 1340 3060 ,

301 3081 467 3157 'verbum
481 3077 551 3148 hac
575 3076 686 3148 dere
714 3099 793 3146 non
814 3075 926 3154 addat
950 3079 1151 3154 incertum.
1172 3083 1300 3152 Contra
1339 3067 1340 3155 l

307 3213 452 3273 certum
465 3210 520 3268 est
531 3219 577 3266 ex
593 3193 886 3293 praestantissimi
899 3194 1011 3268 Elleri
1019 3196 1073 3294 (a)
1082 3197 1300 3295 experimen·

307 3319 468 3406 tis,cu1n
486 3310 1301 3414 sanguinireeenseduetotertiam,antquar·
1338 3343 1339 3408 ᾗ

305 3449 384 3509 tam
416 3448 561 3532 partein
598 3431 797 3508 solutionis
836 3432 997 3506 arsenioi
1035 3434 1299 3517 admiscuisset,
1338 3409 1339 3437 ¹

345 3751 390 3878 (ᾖ)
410 3773 483 3857 oti..
501 3797 608 3856 medie.
624 3797 674 3872 ts.

343 3920 387 3999 (a)
407 3883 483 3976 Hist.¹
499 3918 536 3974 de
549 3917 661 3976 l'Aesd„
675 3937 741 3995 roy.
754 3919 806 3977 des
816 3919 867 3978 Se.
880 3917 918 3980 de
930 3919 1045 3994 Berlin,
1059 3938 1109 3977 an.
1121 3917 1292 3995 1752,oltus.

301 4035 410 4120 'philos
424 4021 615 4114 experiment.
