2836 4648
330 411 402 498 fido
496 433 543 480 ou
570 431 716 494 seorsus
741 433 785 478 rr
810 428 935 481 onusrs
960 433 1168 482 nonaonun

331 565 409 622 tres
434 545 571 646 digitos
598 560 832 618 transversos
856 544 1034 645 longum,
1057 549 1183 642 colore
1207 564 1302 624 autem

332 665 512 752 lividum,
529 663 576 734 ad
594 674 734 734 tactum
751 661 930 734 nonnihil
946 663 1120 754 dolebat,
1143 683 1183 738 ut
1193 671 1304 739 ventris

330 807 484 883 quoque
501 781 704 886 interiora,
728 804 751 850 a
773 783 931 854 sinistris
959 785 1099 881 magis,
1127 784 1193 856 ubi
1211 787 1304 881 major

330 903 441 975 etiam
459 901 597 986 tensio,
609 913 647 970 et
660 900 814 969 renixus
825 899 1115 998 percipiebatur.
1137 904 1216 973 Sive
1229 905 1305 975 intus

328 1037 523 1116 extraque,
541 1015 579 1088 id
596 1013 699 1113 quod
713 1016 822 1087 initio
834 1018 975 1106 statim,
987 1021 1184 1118 magisque
1196 1023 1229 1089 in
1242 1045 1304 1118 pro·

328 1161 459 1236 gressu
476 1133 615 1206 factum
632 1147 707 1222 est,
731 1133 866 1224 multa,
886 1150 924 1206 et
944 1137 1046 1206 varia
1069 1138 1109 1206 in
1130 1161 1236 1209 usum
1254 1155 1306 1208 tra·

289 1301 291 1305 -
326 1255 510 1328 hereutur
534 1251 723 1334 remedia,
748 1253 858 1323 etiam
879 1251 1080 1341 validiora,
1106 1279 1190 1352 quae
1211 1281 1229 1326 a
1249 1279 1307 1325 me-

327 1373 423 1444 dicis
450 1364 735 1442 consultissimis
762 1365 1097 1466 proponebantur,
1124 1374 1201 1445 sive
1229 1373 1307 1444 nulla

327 1491 493 1587 denique
508 1485 792 1576 adhiberentur,
803 1502 999 1560 tumorum
1013 1490 1135 1564 moles
1150 1493 1307 1564 incresce-

324 1609 409 1705 bat,
430 1631 543 1678 cursu
561 1603 685 1675 morbi
702 1603 797 1675 adeo
814 1605 967 1703 rapido,
992 1623 1035 1678 ut
1054 1632 1144 1680 cum
1165 1611 1307 1707 coepisset

325 1747 454 1798 mense
469 1721 685 1808 decembri,
714 1722 826 1793 simul
852 1746 941 1794 cum
960 1726 1033 1796 vita
1054 1728 1157 1798 circa
1179 1728 1258 1798 maii
1276 1723 1306 1793 fi-

325 1869 414 1916 nem
436 1842 598 1914 desierit.
628 1841 714 1910 Nou
738 1840 860 1930 multo
887 1857 975 1938 post
1006 1843 1136 1914 morbi
1165 1845 1305 1929 initium,

324 1978 458 2040 acutus
476 1959 588 2032 dolor
607 1959 647 2028 in
667 1981 790 2054 genu,
819 1973 868 2044 et,
884 1980 995 2032 crure
1020 1983 1128 2032 nunc
1161 1962 1306 2046 dextero,

226 2085 232 2096 '
322 2077 1305 2176 nuncsinistroingrue'rat,quietposteasempermale
1378 2149 1379 2156 χ

321 2193 799 2293 habuit‚symptomaticis,
813 2209 851 2266 et
878 2182 1021 2266 incerta
1047 2197 1210 2294 periodo
1227 2179 1326 2268 acce-⁸
1378 2239 1379 2242 =

321 2314 500 2390 dentibus
518 2311 709 2399 febribus,
726 2311 880 2409 vigiliis,
899 2314 1018 2385 macie
1038 2315 1208 2413 stipatus.
1222 2320 1305 2387 Caete·

320 2458 407 2506 rum
434 2429 480 2504 ad
519 2444 731 2502 extremum
760 2452 881 2526 usque
916 2453 1026 2504 mens
1059 2447 1255 2532 prompta,
1279 2443 1306 2502 et

319 2551 469 2637 hilaris,
499 2547 672 2618 ciborum
709 2547 920 2646 appetitus,
952 2549 1030 2620 imo
1066 2553 1166 2624 acris
1193 2549 1305 2636 fames,

318 2663 460 2741 ultimis
488 2665 693 2764 praesertim
716 2663 873 2772 diebus,
904 2691 1103 2764 nunquam
1128 2666 1261 2741 deluit:
1279 2681 1305 2737 et

236 2771 238 2775 ’
318 2786 490 2884 quamvis
518 2784 644 2880 aliqua
667 2779 714 2852 ad
742 2769 922 2880 jugulum
959 2785 1131 2858 molestia
1153 2803 1244 2860 esset
1270 2809 1304 2856 ex
1377 2797 1378 2848 t

315 2902 472 2976 mucido
495 2900 689 2992 catarrho,
720 2902 787 2996 qui
812 2898 938 2990 facile,
964 2917 1001 2974 et
1027 2902 1100 2974 levi
1126 2929 1213 2977 cum
1232 2901 1303 2976 tussi

315 3019 560 3118 ejiciebatur,
578 3018 828 3090 nulla.tameu
851 3005 1017 3116 spirandi
1034 3015 1232 3095 difficultas
1247 3045 1302 3092 un·

305 3163 428 3238 --quam
446 3135 705 3210 animadversa
733 3151 813 3224 est,
839 3135 879 3206 id
903 3136 1025 3234 quod,
1051 3141 1218 3237 perlecta
1235 3137 1302 3210 tho·

314 3256 410 3327 racis
428 3254 670 3342 dissectione,
687 3252 896 3351 miraberis.

362 3373 478 3459 Colli,
502 3371 685 3470 pectoris,
713 3369 927 3443 abdominis
964 3377 1193 3470 tegumentis
1219 3395 1301 3447 con·

311 3489 657 3578 munibus‘incisis',
687 3504 855 3564 tumores
873 3489 959 3562 illos
982 3507 1160 3566 externos
1191 3491 1296 3566 sedern

312 3614 351 3682 in
380 3608 527 3683 cellulis
549 3605 730 3678 habuisse
745 3607 975 3678 membrano
997 3607 1182 3708 adiposae,
1216 3629 1298 3681 con·

310 3743 461 3828 pertum
477 3740 553 3815 est,
578 3740 679 3798 arcte
693 3723 747 3795 ibi
769 3725 816 3796 ad
834 3725 1026 3821 subjectos
1044 3733 1232 3801 musculos
1242 3749 1298 3796 van·

309 3871 423 3919 nexae.
454 3845 561 3915 Pleni
578 3831 685 3914 era'nt
709 3867 841 3916 omnes
867 3842 1033 3916 subalbae
1062 3847 1235 3935 materiae,
1262 3865 1296 3912 ex

309 3979 415 4062 parte
445 3957 622 4035 nonnihil
643 3957 785 4053 fluidae3
810 3977 847 4043 at
878 3963 1061 4060 majorem
1088 3943 1228 4065 partem
1251 3981 1297 4034 so·
