2836 4648
213 443 218 454 ,
284 362 357 452 604
425 387 494 434 nr
521 382 736 434 sabianam
761 383 885 433 clusis
911 347 1124 437 romonum

187 563 194 578 .
284 501 400 575 semel
417 499 597 584 duntaxat
614 498 770 586 viderit,
790 514 827 571 et
851 497 894 568 id
908 523 948 569 se
964 523 1163 596 autequam
1175 515 1295 572 ‘antea

285 620 533 690 observantie
555 613 766 714 ,fateatur3'
791 640 870 686 non
904 615 1058 704 dubito,
1096 617 1208 714 quin·
1225 619 1296 688 tibi

284 749 433 832 gratum
461 729 627 804 facturus
644 733 734 820 sim,
758 732 972 830 exemplum
1004 734 1170 812 alterum
1196 755 1295 805 com·

281 849 515 947 municando
535 849 638 948 quod
651 849 699 920 ab
711 875 749 922 se
768 874 871 920 anno
890 849 982 947 1758
999 865 1180 923 accurate
1198 875 1296 948 pers-

280 985 435 1070 peetum
456 967 622 1042 narravit
641 965 734 1039 mibi
761 971 927 1040 loannes
946 968 1155 1055 Gianella„
1173 969 1296 1041 Caroli

280 1083 505 1188 professoris
520 1081 715 1182 quondam
733 1082 794 1154 hic
805 1086 952 1156 emeriti
966 1081 1067 1158 filius
1080 1139 1091 1173 ‚
1104 1087 1297 1184 ipse-quo·

284 1229 360 1304 que
378 1205 467 1275 olim
479 1202 628 1276 audito'r
642 1225 769 1290 meus,
785 1217 866 1272 tum
884 1224 1034 1274 morum
1045 1219 1141 1291 ,tum
1153 1205 1297 1302 ingenii

282 1337 321 1392 et
337 1321 537 1419 diligentiae
547 1344 657 1392 causa
670 1319 849 1407 dilectura,
863 1321 1172 1394 nuncLemniaci
1182 1321 1296 1392 multa

284 1438 370 1510 o'nm
388 1439 497 1509 laude
514 1437 739 1510 medicinam
754 1423 943 1522 exercens.

266 1603 270 1610 -
332 1555 367 1626 6.
387 1557 455 1628 Vir
475 1571 553 1628 erat
576 1580 622 1626 eu
640 1554 902 1628 Lemniacensi
925 1573 1036 1653 agro,
1056 1557 1125 1654 qui
1149 1561 1297 1629 tametsi

280 1672 615 1771 hermaphroditus
624 1695 708 1749 :esse
726 1652 924 1744 dicebatur
935 1727 945 1761 ,
956 1688 1122 1752 tamen·
1133 1677 1294 1746 muliere

281 1817 365 1889 quae
382 1815 420 1862 se
440 1788 629 1887 grauidam
644 1787 787 1888 abipso
806 1785 941 1862 factam
966 1791 1111 1884 aiebat,
1130 1794 1175 1864 in
1193 1795 1296 1891 judi-

249 1903 253 1910 ’
284 1909 386 1980 cium
408 1912 584 2002 vocatus,
603 1931 683 1977 non
708 1931 746 1979 se
771 1905 1011 2016 defenderat,
1040 1934 1208 2007 eamque
1230 1911 1299 1982 do-

249 2029 251 2036 ’
283 2007 435 2098 taverat.
465 2029 500 2097 Is
517 2047 603 2096 cum
618 2021 691 2095 sibi
708 2039 838 2122 postea
857 2045 1245 2125 uxoremquaereret,
1271 2055 1309 2100 a·

264 2143 398 2217 ,tratre
424 2159 570 2231 autem,
595 2142 643 2214 ab
664 2142 820 2240 aliisque
846 2159 1025 2242 tanquam
1047 2148 1294 2221 matrimonio

284 2261 441 2332 minime
474 2253 584 2359 aptus
614 2257 849 2350 deferretur,
878 2277 915 2334 et
943 2263 1081 2334 medici
1113 2268 1294 2362 proxima

215 2469 218 2480 .
286 2379 444 2471 ciuitatis
464 2401 544 2448 non
567 2377 753 2474 ignobiles
784 2380 851 2477 qui
884 2381 1059 2478 genitalia
1089 2383 1196 2455 illius
1223 2387 1295 2456 ins-

283 2495 488 2594 peiierant,
524 2493 750 2570 delationem
788 2495 1096 2588 confirmassent,
1135 2502 1294 2600 repulsae

286 2613 420 2686 dolore
443 2615 637 2701 incensus,
657 2613 861 2746 litibusque
887 2613 1109 2692 cumfratre
1135 2619 1296 2717 implici-

152 2739 155 2747 '
194 2746 220 2793 Ἀ
285 2747 368 2819 tus,
396 2730 532 2802 obbas
551 2755 715 2804 curasan
735 2731 830 2803 adeo
851 2729 1002 2831 grauem
1032 2735 1169 2808 incidit
1193 2763 1296 2810 mor·

285 2849 398 2936 bum,
416 2866 465 2921 ut·
473 2849 622 2920 vivendi
642 2848 759 2940 finem
785 2848 941 2936 fecerit.
956 2851 1189 2965 Cadaveris
1179 2860 1296 2958 inspi-

287 2965 436 3056 ciendi,
447 2991 527 3037 non
551 2966 760 3038 dissecandi
773 2932 1013 3066 ,copiafaotai
1023 2988 1242 3065 ,scrotum,
1260 2989 1295 3046 et

244 3057 250 3082 Ι
285 3097 398 3156 testes
415 3063 521 3172 sede
546 3083 826 3182 magnitudine,
845 3101 882 3158 et
904 3059 1025 3158 forma
1047 3092 1212 3162 omnino
1239 3117 1296 3164 se·

279 3199 454 3273 cundum
469 3215 641 3271 naturam
659 3225 876 3300 apparuere.
897 3209 940 3274 In
952 3229 1051 3302 pene
1063 3196 1190 3278 autem
1203 3211 1295 3307 ,qui

234 3381 235 3384 ,
285 3319 514 3414 caeteroquin
533 3342 603 3390 nec
623 3319 761 3416 parvus
775 3336 854 3391 erat
869 3375 879 3409 ,
897 3346 1024 3420 neque
1037 3325 1078 3393 in
1094 3325 1185 3396 vivo
1205 3325 1294 3400 flac-

284 3435 390 3512 cidos
408 3431 520 3506 fuisse
537 3435 754 3524 videbatur,
783 3435 862 3507 haec
886 3438 1202 3530 desiderabantur
1216 3469 1294 3532 ,ne
1399 3491 1400 3494 =

282 3577 431 3628 sursum
469 3533 514 3624 ad
537 3551 725 3624 abdomen
754 3549 988 3656 convers'nS,
1015 3584 1110 3632 neve
1141 3561 1295 3658 glande,

282 3697 366 3772 quaa
381 3671 541 3744 naturali
559 3686 637 3741 erat
658 3667 938 3783 magnitudine,
965 3691 1002 3746 et
1015 3664 1160 3775 figura,
1181 3704 1292 3778 pror·

282 3813 344 3862 sus
372 3788 499 3862 fnisset
522 3783 783 3886 imperforata,
813 3787 977 3888 denique
1010 3817 1058 3864 ne
1095 3797 1292 3870 urethram

204 3975 211 3988 ,
278 3906 428 3982 insolita
444 3907 650 3994 brevitate,
677 3919 717 3976 et
733 3909 839 3996 sede,
870 3925 906 3983 et
929 3913 1204 3988 constitutione
1227 3915 1293 3988 ba·
