2836 4648
307 439 381 520 656
472 469 520 518 ur
544 463 693 518 srmaus
717 467 761 518 rr
785 465 911 517 cinsrs
935 467 1152 518 uoraornrr

305 583 400 656 culis
416 582 659 680 interjectam.
680 582 820 680 Capitis
835 582 1318 680 etiamintegumentacon·
1408 628 1409 650 t

306 701 465 772 tusionis
489 699 593 798 signa
618 699 658 770 in
687 697 812 770 fronte
838 699 1057 788 servabant,
1080 699 1206 772 credo
1223 701 1318 774 inter
1408 679 1409 690 ἵ

308 815 520 890 cadendum
539 816 683 905 relatae,
701 816 811 888 sicuti
824 831 1016 888 mortuum
1028 815 1148 889 credo
1162 819 1203 888 in
1216 817 1322 891 scalis

309 935 367 1032 (in
399 957 559 1032 quarum
592 933 749 1032 gradus,
780 957 934 1032 surgere
967 949 1152 1030 conatus²
1182 935 1320 1008 iterum

306 1049 515 1148 cecidisset)
529 1052 580 1123 ita
597 1049 762 1148 denique
773 1051 956 1146 jacuisse,
977 1067 1021 1124 ut
1037 1051 1078 1123 in
1097 1066 1223 1152 caput
1237 1078 1320 1152 pro·

307 1169 439 1242 clivius
458 1169 632 1268 sanguini
648 1165 782 1257 fuerit,-
800 1189 915 1268 quam
937 1171 977 1240 in
997 1170 1225 1268 oppositam
1238 1194 1322 1268 par-

306 1301 402 1375 tem,
430 1283 619 1359 defluere:
640 1300 742 1359 certe
770 1309 854 1382 quae
880 1283 978 1358 infra
1002 1311 1069 1358 cor
1088 1301 1223 1376 erant,
1242 1311 1323 1360 vasa
1409 1345 1410 1368 t

307 1402 537 1476 mediocrem
555 1402 747 1501 sanguinis
762 1403 930 1501 copiam,
942 1418 980 1476 at
994 1427 1212 1502 quaesupra
1224 1458 1237 1492 ‚
1248 1405 1322 1503 plu·

308 1521 448 1602 timum
468 1519 734 1602 continebant.
765 1525 898 1618 Itaque
930 1519 1077 1592 cerebri
1098 1519 1323 1618 superficies

308 1635 470 1711 rubebat
494 1661 516 1709 a
540 1633 711 1710 distentis
732 1639 916 1736 sanguine
943 1638 1140 1737 vasis'quae
1167 1662 1245 1736 per
1268 1653 1321 1710 te-

153 1741 155 1750 ’
253 1787 257 1796 ·
309 1779 424 1830 nuem
450 1755 668 1853 meningem
699 1753 913 1844 ducuntur,
938 1778 1151 1852 eorumque
1172 1780 1322 1828 ramus·

310 1873 405 1951 culis
424 1897 502 1948 non
520 1895 627 1944 secus
650 1894 694 1943 ac
715 1871 747 1944 si
768 1869 911 1946 rubens
932 1873 1088 1942 materia
1109 1868 1250 1944 fuisset
1269 1873 1322 1941 in·
1410 1883 1411 1968 t

306 1989 416 2086 jecta.
433 1991 511 2061 Nec
527 1988 656 2060 miuus
673 1987 787 2088 plena
809 2011 895 2060 vasa
917 1987 982 2060 illa
996 1986 1091 2076 vidi,
1117 2013 1208 2086 quae
1224 1989 1321 2059 intra

309 2103 555 2177 medullarem
571 2103 818 2176 substantiam
844 2120 1028 2204 apparent
1045 2103 1136 2177 alias
1161 2102 1321 2176 filorum

307 2223 444 2310 instar3
465 2219 527 2294 bic
546 2221 769 2294 enimcavos
783 2242 865 2296 esse
877 2219 1054 2312 tubulos,
1071 2218 1320 2294 manifestum

309 2337 487 2412 omnibus
507 2335 587 2412 fuit.
877 2421 882 2430 ¹

359 2456 393 2528 5.
414 2458 451 2527 Si
461 2455 598 2529 vulnus
609 2455 684 2530 hoc
694 2455 822 2530 cordis
838 2479 925 2529 cum
935 2481 982 2530 eo
993 2455 1205 2530 contuleris
1217 2455 1320 2554 quod

307 2573 378 2647 tibi
399 2573 556 2672 epistola
580 2577 665 2648 LIII
694 2573 749 2673 (1)
775 2598 821 2646 ex
846 2573 1023 2647 Valsalvae
1051 2573 1320 2650 observatione

309 2681 601 2790 descripsimus,
640 2705 850 2791 utrumque
887 2707 1013 2768 autem
1045 2692 1085 2763 in
1123 2691 1322 2796 ejusdem,

310 2831 449 2907 nempe
483 2807 627 2880 dexteri
655 2808 858 2881 ventriculi
885 2827 1059 2894 caveam,
1092 2831 1166 2882 nec
1200 2809 1322 2882 multo

310 2923 451 3024 dispari
466 2926 506 2996 in
531 2926 614 3022 ejus
637 2927 780 3026 pariete
805 2941 936 3024 aperta
961 2927 1057 2997 rima
1079 2927 1320 3024 pervenisse,
1411 2935 1412 2978 ἐ

311 3043 640 3133 animadverteris3
652 3041 850 3115 miraberis
860 3041 1092 3130 fortasse,ab
1109 3041 1177 3113 illo
1195 3040 1322 3114 hnmi-
1411 3031 1412 3106 t

310 3183 399 3232 nem
420 3174 553 3232 octavo
581 3158 746 3258 denique
762 3159 843 3250 die,
870 3159 918 3232 ab
938 3158 1014 3232 hoc
1031 3182 1124 3231 vero
1138 3172 1222 3231 tam
1249 3159 1321 3232 cito
1410 3197 1412 3224 t

310 3271 422 3348 fuisse
447 3275 735 3374 interemptum;
769 3277 977 3376 praesertim
1010 3299 1097 3348 cum
1127 3299 1201 3374 per
1228 3273 1322 3348 illud

309 3407 413 3466 tauta
435 3393 626 3491 sanguinis
656 3389 774 3493 copia,
792 3394 832 3464 in
862 3392 1057 3466 thoracem
1083 3405 1122 3464 et
1146 3407 1322 3466 ventrem

227 3523 230 3528 “
311 3509 430 3585 effusa
465 3509 665 3598 videretur.
704 3515 847 3583 Verum
881 3508 934 3586 ob
961 3509 1063 3581 illam
1093 3510 1219 3608 ipsam
1242 3533 1321 3582 nun

311 3629 544 3738 modo-extra
555 3653 641 3719 cor,
658 3625 852 3702 sedetiam
870 3641 973 3700 extra
985 3625 1251 3726 pericardium
1267 3627 1323 3700 de

315 3839 1318 3869 W

351 4001 395 4081 (ι)
416 4006 454 4062 r.
477 4005 506 4064 a.
