2732 4654
117 453 188 500 mn.
203 455 258 504 iv.
274 452 682 520 monumemtum,
696 446 766 506 etc.
785 455 897 506 nuiss.
919 456 992 504 mx.
1021 431 1095 530 293

75 593 156 666 qnae
169 568 352 642 debebat.
372 570 561 642 Nimirum
583 553 723 667 quilius
743 569 782 640 id
803 584 1011 644 extractum
1030 571 1096 642 dae

75 699 183 773 rent,
203 709 294 775 eos,
313 686 392 776 hnc
407 701 578 784 sum-pte,
606 711 732 760 serum
756 687 907 760 bibere:
934 714 1013 760 non
1035 687 1094 760 bi·
1219 783 1221 790 Ι

18 865 20 876 t
74 798 172 872 bisse
191 819 326 875 autem
343 804 569 901 hunc,p0st
587 803 666 900 ejus
686 819 848 876 mortem
869 829 950 878 esse
963 805 1094 902 cogni·
1184 878 1185 884 χ

76 931 174 1007 tum‚-
200 919 259 992 ihi
295 901 471 996 videlicet
506 935 661 1018 reperto
691 946 798 1010 sero,
829 922 897 992 ubi
929 904 1093 1019 positum

77 1031 223 1123 fuerat,
260 1052 307 1110 ut
338 1036 522 1110 hauriret..
553 1040 619 1110 His
648 1039 699 1111 ita
718 1041 928 1138 perceptis,
949 1037 1092 1111 duode-

76 1152 369 1252 quadragesimo
389 1179 410 1225 a
427 1170 550 1232 morte
574 1154 671 1231 hom
698 1158 905 1230 sectionem
924 1156 1094 1254 vaggressi

24 1364 26 1368 .
78 1290 216 1342 sumus.
238 1271 440 1344 Cadaveris
453 1272 612 1346 artubus
624 1275 780 1345 minime
790 1273 922 1372 rigidis
933 1273 1094 1348 animad-

76 1385 357 1474 versis,vonter
366 1404 521 1488 apertus
531 1406 595 1463 est.
608 1391 872 1464 Ventriculum
883 1444 894 1480 ‚
904 1407 940 1462 et
957 1391 1094 1464 intesti-

81 1525 126 1574 na
135 1505 196 1574 vel
209 1508 377 1580 exterius
389 1507 452 1582 hic
465 1508 542 1595 illic
561 1506 792 1584 inflammata
811 1509 1090 1606 conspeximus3

81 1618 120 1692 ut
139 1644 229 1696 cum
250 1623 366 1698 ileum
388 1625 608 1698 intestinum
628 1626 718 1699 alibi
733 1628 834 1723 justa
859 1641 975 1711 esset,
1002 1625 1093 1702 alibi

79 1737 179 1832 justo
189 1743 346 1838 majori,
356 1757 421 1814 aut
439 1743 580 1814 minori
592 1743 789 1818 latitudine
803 1770 813 1832 ;
829 1743 895 1817 ubi
908 1769 1017 1842 nequo
1029 1769 1092 1817 an·

84 1858 227 1952 gustius
240 1874 334 1948 erat,
344 1859 397 1933 ibi
410 1875 612 1958 pertenues
629 1861 787 1948 tunice,
800 1877 837 1935 et
846 1840 926 1936 {ine
937 1861 1014 1935 ullo
1031 1885 1092 1932 ru·

83 1969 174 2045 bore
183 1976 433 2064 ,ulibiautem
447 1977 673 2052 rubicundis
682 1979 780 2053 striis
791 1976 973 2052 distinctae
984 2003 1092 2076 spec·-

85 2104 267 2166 tarentur.
281 2100 379 2170 Tum
402 2097 612 2169 ventriculo
627 2111 691 2189 ,et
708 2096 897 2170 intestinis
911 2095 1090 2168 omnibus

86 2230 177 2306 aqua
190 2213 360 2286 immissa
369 2213 506 2286 ablutis
518 2229 573 2304 ,et
589 2213 795 2313 adapertis,
807 2215 912 2287 illurn
927 2217 1012 2286 oum
1023 2213 1089 2286 an-

86 2332 285 2428 nexagulae
296 2332 1088 2431 particulamagnaexparteinssammatum,

89 2445 279 2524 asinistris
294 2465 526 2540 tamen„non
537 2475 558 2522 a
569 2450 725 2533 dextris,
740 2451 952 2524 invenimus
963 2475 973 2538 ;
984 2451 1092 2526 intes·

87 2561 161 2636 tina
186 2583 315 2640 antem
343 2568 406 2640 hie
431 2567 525 2656 illic,
542 2570 595 2641 sie
623 2583 749 2640 tamen
778 2582 820 2638 ut
847 2569 973 2640 minus
998 2567 1090 2639 levis

88 2679 124 2750 in
141 2685 338 2771 tenuibus,
357 2709 476 2783 quam
492 2686 533 2754 in
554 2685 687 2756 crassis
706 2697 802 2754 esset
819 2680 1090 2773 inflammatio,

89 2798 116 2867 si
134 2816 280 2874 rectum
297 2804 459 2903 excipias
471 2857 483 2888 ,
496 2803 535 2871 in
553 2825 629 2899 qno
649 2800 767 2898 spatia
788 2799 959 2897 quaedam
983 2825 1091 2897 aeque

18 2947 27 2958 ν’
89 2917 305 3006 manifesto,
342 2941 384 2992 ac
411 2919 667 3006 ventriculus,
703 2931 810 2992 erant
848 2916 1088 2992 inflammata,

90 3033 280 3134 Nusquam
297 3053 424 3110 tamen
441 3039 481 3110 in
500 3033 679 3108 cadavere
696 3034 771 3106 hoc
785 3050 867 3108 toto
883 3035 1091 3112 vehemens

93 3157 259 3247 apparuit
270 3155 533 3230 inflammatio.
545 3155 636 3228 Lien
653 3178 764 3251 aeqnn-
779 3155 895 3252 paulo.
905 3155 1041 3250 major,
1053 3170 1091 3230 et

95 3265 197 3358 sima,
211 3297 286 3372 qua
302 3271 477 3347 videlieet
493 3270 670 3370 tangebat
689 3272 963 3360 ventriculum,
982 3269 1093 3360 facie,

95 3401 197 3458 roseo
212 3390 360 3478 colore,
373 3383 614 3464 totus'autem
629 3387 726 3460 adeo
738 3388 858 3478 laxus,
877 3405 920 3464 ut
942 3389 1091 3462 dissecti

93 3496 267 3580 interiora
286 3533 384 3606 pene
398 3497 627 3578 diffluerent.
650 3509 694 3582 In
711 3501 881 3602 jecinore
903 3505 1008 3593 nihil¹
1024 3505 1089 3580 ad-

95 3623 280 3695 notatione
308 3623 486 3721 dignum,
511 3622 584 3698 nisi
615 3619 712 3695 forte
736 3620 823 3696 bilis
845 3621 973 3710 color,
1006 3623 1092 3718 qui,
1166 3725 1167 3729 Ἰ

97 3745 134 3803 ut
152 3759 216 3830 per
234 3738 404 3816 vesiculae
431 3739 577 3814 tunicas
601 3737 937 3835 transpiciebatur‚
964 3762 1010 3810 ex
1033 3739 1091 3808 vi-

97 3847 162 3920 ridi
180 3857 340 3952 pallidus
358 3853 573 3954 apparebat.
592 3855 760 3928 Thorace
785 3853 985 3952 adapert0‚
1005 3854 1091 3952 pul·

99 3982 219 4048 mones
239 3975 333 4064 sani,
353 3989 399 4075 et
413 3972 584 4074 undique
604 3971 736 4048 soluti:
752 3995 878 4074 neque
908 3993 995 4062 cor,
1027 3985 1091 4050 aut
