2732 4654
102 453 167 504 cra.
184 453 232 502 rv.
249 451 443 517 eruentus
456 449 652 521 carneum,
667 443 736 506 etc·
755 451 868 506 errsr.
882 454 953 507 mx.
982 430 1062 514 3212
1081 453 1083 458 '

58 567 232 642 firmavit:
249 569 312 640 alii
328 583 454 640 autem
477 567 682 659 foramina,
705 571 847 642 nedum
863 570 1057 665 foramen,

59 688 313 786 perviderunt,
342 711 440 784 quos
466 688 565 759 inter
586 689 831 760 Vallisnerius
849 691 904 787 (1)
919 693 958 762 in
977 695 1056 790 pri-

60 809 122 878 mis
137 803 223 893 fuit,
242 805 309 902 qui
326 804 480 893 deinde,
496 831 567 888 nec
585 807 717 895 semel,
733 806 1056 896 edidit,ostendit·

59 950 124 1021 que
162 938 242 995 tum
276 947 393 1021 quare
430 923 477 994 ab
511 923 631 995 Redin
655 926 747 996 risa
779 951 858 996 non
895 925 1071 1018 fuerint3:

59 1043 191 1139 quippe
206 1043 246 1112 in
263 1042 346 1138 ipso
365 1055 533 1114 extremo
548 1043 724 1113 acumine
743 1058 955 1139 quaerente,
975 1061 1056 1116 tum

58 1184 164 1255 quare
179 1161 219 1230 in
241 1175 409 1231 extremo
430 1183 509 1230 esse
532 1185 611 1230 non
632 1159 856 1249 debuerint,
881 1161 1057 1236 videlicet

54 1279 153 1349 nesi
182 1279 320 1362 veneni
352 1276 580 1350 canaliculus
613 1277 660 1348 etl
693 1293 904 1349 extremum
933 1305 1055 1378 usque

57 1397 165 1467 aculei
181 1395 474 1495 perduceretur,
498 1395 613 1491 hujus
632 1399 851 1470 necessariis
870 1380 950 1468 tum
970 1399 1055 1471 sub·

59 1515 175 1586 tilitati
207 1512 394 1602 efficeret,
425 1529 507 1614 tum
537 1507 786 1602 firmitudini,
820 1516 1056 1588 obturationi

59 1648 171 1704 autem
202 1657 224 1703 a
256 1633 412 1704 minima
442 1634 573 1728 quavis
602 1633 641 1701 in
673 1657 787 1728 quam
821 1625 1054 1722 incurreret,

56 1752 208 1822 materiae
220 1750 404 1848 particula
419 1748 607 1821 obnoxius
619 1747 736 1819 fieret.
759 1754 815 1821 Ne
832 1777 922 1821 vero
939 1751 1053 1824 dubi-

59 1881 120 1954 tes,
131 1892 225 1940 num
241 1864 441 1954 foramina,
453 1891 573 1964 eaque
588 1867 715 1936 nonin
727 1881 895 1939 extremo
905 1869 1054 1958 aculeo,

60 1985 93 2054 iu
108 1983 336 2058 nostratibus
353 2007 508 2081 quoque
524 1985 598 2056 sint
617 1984 795 2088 scorpiis3
815 2009 891 2080 qua
909 1987 1055 2060 ratio'ne

59 2103 91 2172 in
111 2103 167 2175 his
183 2104 294 2176 etiam
307 2102 539 2199 perspexerit
565 2101 843 2199 elegantissimo
872 2104 931 2172 vir
951 2105 1055 2202 inge-

59 2221 384 2294 nioFerdinandus
402 2220 588 2292 Antonius
608 2219 823 2306 Ghedinus,
843 2235 879 2292 et
900 2221 1053 2319 ipse¹ad

22 2349 24 2356 ’
58 2361 110 2409 me
126 2340 274 2436 scripsit
291 2361 393 2408 anno
415 2361 518 2434 1707,
531 2330 566 2408 et
580 2335 824 2408 Vallisnerius
841 2342 1055 2410 communi-

60 2452 146 2528 cat'as
168 2483 190 2528 a
210 2481 271 2527 me
294 2454 460 2526 Ghedini
483 2455 624 2526 litteras
649 2455 824 2551 vulgavit.
847 2457 1054 2528 Peculiaria

58 2571 126 2644 haec
162 2573 279 2668 habet
308 2573 577 2659 Vallisnerius,
605 2571 783 2684 peuleum
817 2574 1054 2670 triangularis

58 2690 167 2764 insta-r
193 2689 398 2790 pyramidis
430 2705 506 2762 tres
528 2686 639 2760 facies
662 2687 825 2802 haltere:
852 2691 892 2759 in
918 2690 1055 2762 harum

60 2808 204 2907 singulis
231 2809 376 2907 singula
405 2833 484 2881 esse
513 2805 698 2878 foramina
720 2832 729 2893 ;
758 2805 958 2878 humorem
984 2833 1054 2906 per

60 2923 129 2999 haec
170 2928 270 2999 exire
304 2952 416 3024 quam
462 2927 623 3020 maxime
662 2923 863 3022 limpidum
894 2951 902 2994 :
951 2926 1055 3000 hunc

61 3060 176 3118 autem
205 3071 226 3118 a
252 3045 460 3117 canaliculo
487 3069 555 3143 per
578 3043 792 3114 internodia
823 3043 949 3116 caudae
982 3061 1056 3118 tra-

63 3159 230 3252 ductum,-
248 3162 289 3232 in
311 3162 487 3233 ultimum
521 3159 629 3246 ferri,
655 3185 701 3230 ex
731 3184 809 3256 quo
831 3175 948 3232 exstat
968 3187 1059 3234 acu-

63 3274 145 3350 leus,
180 3283 234 3350 Tu
263 3280 303 3350 in
330 3279 540 3377 peregrinis
567 3277 649 3350 -illis
687 3277 973 3375 grandioribuS,
1010 3305 1056 3352 ex

63 3393 192 3489 quibus
209 3398 289 3494 ipse
312 3396 461 3468 videtur
482 3396 561 3467 haec
591 3393 853 3492 descripsisse,
887 3380 1054 3492 ‹puaerere

63 3516 216 3606 poteris,
254 3540 302 3586 an
337 3530 520 3612 perpetua
548 3514 648 3600 sint,
677 3511 846 3609 illudque
877 3530 1057 3610 praeterea

65 3652 138 3724 quae
157 3634 290 3704 intima
314 3647 502 3704 structura
526 3634 571 3703 sit
586 3630 941 3702 ultimiinternodii.
961 3635 1056 3704 Nam

64 3833 1057 3868 Μαι-ι..-
1151 3827 1154 3844 '

100 4008 141 4088 (1)
157 4011 229 4074 vid.
244 4013 310 4071 loca
322 4029 412 4090 supra
424 4011 463 4078 ad
475 4029 505 4068 n.
520 4009 557 4069 23
572 4019 602 4068 et
614 4015 670 4084 sl„
683 4005 824 4067 indicata.

132 4135 166 4208 7·
570 4124 596 4200 &⁴
871 4123 920 4194 2¹l
990 4191 995 4198 ,
