2700 4660
261 473 329 574 196
422 500 468 546 us
494 496 640 546 sumnus
664 497 709 542 rr
733 494 857 544 causrs
882 489 1092 546 nonuonon

309 616 489 710 19rtunc
508 609 662 682 alteram
682 609 808 705 accipe
833 607 1155 699 observationem,
1172 633 1244 708 qua

256 751 411 822 contra,
430 755 514 804 cum
532 729 579 800 ad
593 742 767 800 externos
780 726 932 800 dolores
948 726 1138 800 videretur
1152 754 1247 828 spec·

254 865 541 940 tare,retamen
555 869 642 918 vera
655 845 703 917 ad
728 845 908 918 interiora
919 861 1088 941 spectare
1101 848 1242 919 inventa

255 984 325 1056 est,
344 990 465 1064 eoque
490 963 642 1060 dignior
667 961 723 1036 est
749 986 832 1060 quae
857 963 1019 1034 minime
1040 967 1250 1060 praetermit.

254 1101 364 1158 tatur.

306 1197 1049 1288 20.MonachusPatavinus,annosnatus
1058 1199 1248 1270 minimum

250 1324 509 1418 septuaginta,
526 1333 611 1416 post
620 1315 764 1392 febrem
782 1315 1004 1414 quamdam,
1028 1313 1169 1415 frigore
1192 1319 1253 1390 sti-

254 1453 400 1536 patum,
423 1435 594 1508 laborare
617 1449 783 1532 coeperat
802 1432 1017 1521 doloribus,
1034 1458 1132 1532 quos
1154 1433 1255 1506 ade-

253 1554 504 1644 fluxionibus,
522 1569 564 1625 ut
587 1555 769 1639 vocitant,
789 1575 869 1624 esse
886 1551 1076 1624 credebat.
1096 1554 1141 1624 Hi
1155 1577 1253 1624 mus-

254 1674 348 1745 culis
359 1675 426 1772 qui
441 1674 540 1746 circa
550 1695 593 1744 os
607 1671 765 1744 alterum
778 1671 1075 1755 innominatum,
1094 1685 1132 1742 et
1145 1669 1259 1768 paulo

253 1817 366 1891 supra
384 1794 550 1864 anterius
561 1805 648 1864 sunt
659 1844 669 1878 ,
682 1805 719 1860 et
734 1789 801 1886 qui
815 1813 884 1886 per
902 1787 1114 1884 subjectum
1136 1785 1256 1859 femur

253 1910 528 1997 extenduntur,
547 1908 710 1981 insidere
733 1905 974 1994 videbantur,
998 1927 1101 1978 nunc
1122 1907 1256 1980 moles·

251 2031 385 2116 tiores,
404 2027 647 2112 aliasminus‚¹
663 2041 704 2096 ut
720 2023 894 2096 incedere
905 2049 985 2098 non
994 2023 1254 2121 prohiberent.

250 2149 356 2237 Quos
372 2143 523 2216 dolores
542 2167 629 2220 cum
644 2141 740 2212 duos
755 2155 876 2214 tresve
886 2165 1008 2214 annos
1023 2141 1251 2240 pertulisset,

250 2264 402 2335 tandem
417 2263 461 2334 iis
481 2259 848 2358 ingravescentibus,
866 2258 1060 2333 confectus
1083 2273 1140 2332 est
1157 2262 1254 2332 circa

250 2379 419 2450 medium
440 2377 640 2476 quintilem
655 2356 746 2448 anni
774 2376 877 2474 1737,
903 2369 1120 2475 apparente
1134 2377 1256 2476 pridie

250 2521 365 2595 quam
384 2496 524 2581 obiret,
544 2495 590 2566 ad
611 2496 752 2594 inguen
774 2494 899 2566 lateris
916 2494 1017 2566 illius
1029 2508 1201 2585 tumore,
1218 2497 1256 2564 in

249 2638 327 2714 quo
339 2613 526 2687 fluctuans
546 2615 702 2684 materia
721 2611 1011 2712 percipiebatur.
1038 2611 1253 2688 Abdomiue

249 2733 325 2804 illic
345 2733 482 2821 inciso,
511 2747 553 2803 nt
571 2731 674 2802 unde
705 2731 860 2804 materia
886 2730 949 2802 itta
968 2731 1169 2820 extitisset,
1201 2735 1255 2804 in·

249 2853 488 2948 quireretur,
517 2864 653 2947 praeter
680 2873 834 2946 omnem
867 2849 1088 2945 opinionem
1117 2851 1253 2949 ingens

248 2970 305 3040 ris
321 2970 427 3065 puris
442 2971 541 3038 inter
559 2969 828 3064 peritonaeum,
842 2981 879 3036 et
896 2990 938 3036 os
957 2968 1256 3056 innominatum,

248 3083 302 3156 ibi
326 3086 371 3156 iis
391 3084 583 3156 obtectum
599 3109 694 3180 quos
712 3108 800 3156 mox
814 3081 1041 3173 nominabo,
1056 3087 1254 3175 musculis,

248 3217 396 3299 reperta
410 3217 475 3273 est.

298 3345 355 3390 αι.
372 3319 680 3391 Observationem
692 3317 791 3389 hanc
806 3333 913 3391 tanto
931 3320 1048 3416 magis
1056 3295 1081 3390 a¹
1094 3320 1252 3394 medicis

246 3461 325 3516 esse
363 3435 629 3508 attendendam
679 3435 874 3525 censebis,
925 3450 1069 3534 quanto
1106 3435 1252 3510 facilius

246 3569 407 3652 possunt
440 3577 507 3651 per
547 3555 711 3651 speciem
745 3551 1005 3626 defluxionum
1054 3555 1252 3652 imponere

246 3672 372 3744 morbi
390 3671 553 3758 interni,
583 3687 620 3740 et
638 3670 681 3738 inx
703 3669 895 3767 abscessus
927 3671 1114 3766 ejusmodi
1138 3673 1251 3773 dege·
1347 3703 1348 3782 ,

244 3814 399 3877 nerare,
424 3802 461 3860 et
483 3801 627 3884 quanto
650 3785 806 3860 fortasse
831 3786 1002 3859 crebrius
1026 3813 1141 3885 quam
1168 3791 1250 3889 opi-

244 3922 404 3994 nantur,
434 3903 504 3976 sub
518 3905 746 4000 ejuscemodi
764 3899 865 3976 larva
883 3903 997 3976 iidem
1016 3905 1140 3977 morbi
1157 3905 1251 3980 deli·
1347 3959 1348 3968 κ

243 4001 1248 4126 ῐεεουηῑᾙοοιεθτῑειιηυεοὴὶπιιτςυεῐεννίᾶἰτωοωρε
