2732 4654
133 418 198 465 mr.
212 416 260 466 ιν.
274 417 320 466 or
334 413 469 464 nonnis
482 407 759 481 cnrronc.,etc.
775 393 887 466 nrrs‘r.
905 415 977 467 mx.
1006 393 1077 485 343

89 532 171 630 ipsis
187 533 252 629 qni
275 530 328 602 ibi
355 546 462 619 sont,
490 530 644 606 ramulis
671 533 946 629 contractiones
966 531 1080 626 fibra·

88 673 165 722 rum
188 647 289 736 fieri,
318 650 538 748 sanguinem
560 649 600 718 in
625 648 806 746 proximis
837 651 998 722 vasculis
1022 675 1079 723 re·

89 783 292 856 morantes,
311 767 414 840 unde
433 767 622 854 tumoris,
636 765 959 856 inflammationis,
991 769 1078 840 livo-

88 886 151 970 ris,
165 909 371 983 gangreno
385 886 533 958 initium
545 938 555 973 ‚
567 885 639 956 nisi
651 882 747 958 forte
756 910 799 960 ea
814 886 999 984 corporis,
1015 901 1080 958 aut

87 1005 246 1074 sauciatae
264 1004 379 1102 partis
399 1002 595 1101 dispositio
612 1003 681 1090 sit,
712 1017 755 1074 ut
781 1002 950 1100 quamvis
971 1001 1079 1091 alibi,

87 1135 123 1190 ut
138 1120 175 1192 in
193 1120 257 1190 illa
273 1120 443 1192 canicula
464 1121 571 1190 nervi
587 1120 781 1208 citissime,
807 1119 969 1190 convelli
988 1119 1078 1190 inci·

84 1237 199 1333 piant;
213 1262 340 1310 morso
357 1252 485 1309 tamen
504 1261 589 1334 pars
610 1261 736 1334 neque
761 1252 923 1324 tumeat,
950 1259 1078 1334 neque

82 1353 199 1442 liveat,
214 1370 282 1426 aut
298 1355 468 1452 quamvis
486 1355 576 1428 alias
593 1354 766 1428 celeriter
784 1353 879 1426 adeo
897 1355 1079 1428 intumes-

83 1485 154 1559 cet,
182 1487 225 1544 ut
251 1473 478 1546 Pnrisienses
503 1477 557 1570 (1)
578 1473 814 1570 scripserint,
834 1471 968 1544 eodem
997 1495 1076 1570 quo
1108 1463 1109 1466 ¹

82 1588 296 1678 mordetur,
314 1606 532 1673 momento,
560 1591 709 1662 initium
732 1592 892 1688 tumoris
913 1589 1079 1662 animad-

28 1737 30 1746 ·
80 1707 165 1778 verti
178 1733 189 1796 3
203 1708 242 1781 in
262 1707 330 1778 illo
349 1723 479 1794 tamen
498 1707 620 1781 nobili
640 1709 801 1804 jurene,
828 1709 935 1805 cujus
957 1707 1076 1780 histo·

81 1825 167 1897 riom
180 1849 203 1895 a
215 1823 396 1896 Chornsio
410 1824 637 1924 descriptam
654 1823 773 1898 trahes
790 1827 829 1895 in
847 1823 1076 1922 Sepulchre-

80 1956 114 2012 to
125 1941 196 2038 (r),
208 1957 304 2041 post
314 1941 428 2014 doras
442 1942 591 2014 dmum
604 1943 1005 2040 aliquotconspectum
1014 1943 1071 2013 sit.

79 2061 204 2156 lleque
227 2061 301 2132 alia
318 2058 453 2148 ferme,
472 2077 604 2159 praeter
622 2063 761 2133 variam
779 2083 984 2158 corporum
1006 2057 1078 2132 die·

79 2179 319 2274 positionem,
339 2201 450 2250 cansa
465 2179 615 2250 videtur
632 2176 756 2251 afferri
773 2201 899 2277 posse,
919 2201 1076 2275 quamo-

78 2293 177 2368 brem
192 2311 323 2370 tumor
337 2297 380 2366 in
396 2295 622 2392 quibusdam
643 2298 785 2387 minue,
818 2299 857 2366 in
878 2295 1075 2368 nonnullis

76 2427 195 2484 autem
213 2413 310 2484 adeo
324 2412 575 2498 extenderese
592 2429 741 2512 pergat,
759 2429 801 2486 ut
811 2415 849 2484 in
859 2413 926 2485 illo
939 2412 1073 2484 eodem

74 2529 226 2624 jurene,
243 2543 328 2603 toto
349 2546 433 2602 artu
446 2531 523 2626 jam
538 2546 741 2628 occupato,
755 2531 821 2628 qui
833 2533 929 2601 ictus
938 2527 1075 2616 fuerat,

76 2661 109 2718 et
129 2649 305 2745 proximo
319 2646 631 2747 hypochondrio‚
654 2663 690 2719 et
706 2648 892 2736 mamilla,
919 2648 1075 2744 opposi-

75 2777 147 2834 tum
181 2789 339 2864 quoque
365 2765 464 2840 ,latus
483 2765 560 2861 jam
591 2763 773 2862 impetere
799 2763 1009 2851 videretur3
1032 2764 1072 2834 in

75 2881 188 2954 altero
202 2897 330 2956 autem
347 2884 611 2955 Parisiensium
630 2881 807 2981 exemplo
828 2907 982 2954 manum
1004 2906 1074 2980 op·
1133 2953 1136 2960 ,

76 3000 229 3096 positam
250 3002 421 3081 sauciato
445 3000 505 3072 vel
532 3001 653 3072 multo
680 3001 791 3074 citius
810 2997 1075 3098 prehenderit,

76 3118 163 3212 quin
183 3118 402 3216 Falloppius
426 3133 554 3190 noster
572 3116 648 3214 (3),
666 3134 702 3190 et
720 3117 937 3190 Albertinus
953 3117 1009 3216 (A)
1030 3141 1075 3188 ex

76 3236 205 3333 viperee
231 3239 311 3308 ictu
325 3235 489 3310 viderint
514 3251 644 3308 toturn:
665 3261 803 3336 corpus
836 3238 1078 3326 intumuisse;

115 3609 157 3693 (r)
176 3599 255 3670 thid.
270 3612 319 3668 cit.

114 3724 157 3804 (r)
177 3726 316 3803 Append.
330 3729 370 3785 ad
383 3730 448 3786 obs.
462 3729 482 3786 6
496 3729 586 3806 hujus
603 3751 640 3788 ιο
655 3742 727 3790 sect.

45 3871 47 3878 '
116 3836 160 3917 (3)
178 3841 444 3926 Detumor.praet.
462 3856 524 3902 nat.
543 3866 568 3904 e.
588 3847 646 3920 3..
763 3905 766 3914 Ι
1063 3825 1180 3937 AN·

117 3952 161 4034 ll)
180 3958 293 4034 Opuse,
307 3976 345 4032 ²,
359 3961 392 4018 in
406 3972 565 4024 comment.
579 3963 654 4021 lost.
667 3961 715 4018 Sc.
728 3961 862 4030 Boron,
878 3967 952 4014 tom.
966 3973 994 4012 r.
