2732 4654
291 429 362 520 340
458 453 504 500 ne
530 451 675 502 smnus
700 451 744 498 nr
769 447 892 500 causis
917 451 1129 505 nonronuar

291 567 425 662 hujuS,
449 581 514 638 aut
548 567 628 662 ejus
653 589 845 636 noxarum
871 570 1196 664 progressionem,
1229 569 1287 642 rni-
1356 567 1357 570 ’

289 687 392 756 nime
412 684 459 757 ab
480 685 582 756 lento
603 684 797 782 sauguinis
813 708 881 782 per
903 709 1017 758 venas
1043 703 1153 758 motu
1186 715 1286 786 repe·

290 803 467 891 tendam,
485 804 560 874 huc
583 803 678 874 adde
694 803 739 873 cl.
762 801 931 898 ejusdem
949 805 1020 874 viri
1035 808 1285 902 experimenta
1358 819 1359 822 ’

288 921 328 994 in
348 922 527 1018 sanguiue
538 919 720 1006 humano,
738 919 858 992 vitreo
875 921 1019 992 calente
1034 947 1121 1012 vase
1132 939 1285 1022 excepto

290 1039 340 1110 ob
374 1023 594 1133 adjunctum
619 1045 742 1124 autem
782 1037 917 1133 viperae
948 1063 1138 1110 venenum
1176 1065 1287 1137 neque
1357 1067 1358 1078 ¹

290 1155 434 1236 colore,
455 1177 575 1250 neque
595 1158 854 1240 consideratio,
880 1153 1087 1251 quidquam
1121 1171 1286 1244 mutato,

288 1287 333 1344 ut
348 1295 474 1367 neque
493 1285 575 1340 turn
593 1294 717 1366 neque
737 1285 867 1366 postea
897 1271 1105 1347 internosci
1130 1289 1286 1370 possete

287 1390 369 1488 pari
380 1388 572 1485 sanguinis
587 1385 754 1481 ejusdem
771 1387 964 1484 portione,
977 1389 1041 1458 cui
1058 1389 1156 1460 nihil
1175 1390 1287 1462 fuerat

288 1505 473 1580 additum.
494 1507 627 1600 Neque
643 1519 679 1574 te
697 1503 791 1574 illud
810 1519 981 1574 moretur
996 1505 1101 1602 quod
1116 1507 1158 1580 in
1170 1508 1290 1606 Sepui·

289 1623 421 1696 chreto
436 1617 624 1719 (1)leges,
644 1621 684 1690 in
710 1621 841 1694 occisis
868 1619 942 1694 hoc
965 1647 1114 1696 veneno
1128 1626 1288 1696 animan·

287 1740 387 1812 tibus
402 1740 624 1838 sanguinem
639 1753 837 1836 repertum
851 1763 930 1812 esse
942 1741 1206 1838 coagulatum,
1218 1744 1287 1812 imo

288 1861 328 1930 in
342 1858 478 1947 corde,
496 1872 533 1930 et
545 1857 652 1928 venis
663 1855 842 1928 omnibus
856 1857 895 1927 in
906 1857 1072 1955 polypos
1088 1859 1288 1932 admocum
1358 1835 1361 1873 ³

289 1993 436 2048 tenaces
456 1991 674 2048 concretum.
698 1977 743 2042 In
759 1974 895 2046 eodem
914 1975 1014 2046 enim
1042 1977 1285 2074 Sepulchreto

290 2096 485 2168 contrariae
514 2106 717 2164 occurrent
752 2091 1035 2164 observationes
1059 2093 1121 2191 (α)
1154 2097 1288 2193 reperti

280 2211 396 2311 fluidi
412 2215 550 2306 magis,
575 2235 688 2306 quam
709 2208 911 2304 coagulati,
932 2223 995 2280 aut
1015 2235 1156 2282 summe
1176 2218 1286 2282 tenuis

288 2333 433 2401 etacris
450 2342 513 2397 aut
526 2341 692 2423 exparte
702 2325 892 2414 dissoluti,
910 2334 1144 2424 etcorrcpti‚
1159 2344 1196 2400 et
1212 2353 1288 2400 nus

289 2469 404 2544 quam
426 2443 625 2539 coagulati.
656 2440 768 2532 Quod
791 2443 935 2539 siquas
957 2457 1082 2516 tamen
1109 2441 1209 2516 inter
1226 2445 1286 2516 has

288 2561 561 2635 animadvertes
576 2585 658 2656 quac
677 2583 853 2656 grumos,
870 2575 907 2630 et
926 2562 1190 2634 concretiones
1207 2587 1287 2659 pro·

287 2694 453 2778 ponant3
478 2692 515 2748 at
536 2693 577 2747 tu
599 2677 732 2774 saepius
752 2665 922 2748 laudatos
943 2678 1170 2751 Parisienses
1196 2681 1285 2778 lege,

287 2799 375 2892 qui,
390 2812 432 2868 ut
449 2793 639 2881 referunt,
659 2791 755 2866 duos
779 2794 819 2862 in
841 2794 974 2890 Anglia
991 2795 1191 2869 columbos
1207 2821 1284 2869 san-

287 2915 439 3010 guinem
456 2911 630 2982 habuisse
647 2909 907 3007 coagulatum,
927 2913 976 2982 ita
991 2935 1030 2983 se
1045 2927 1228 2986 testantur
1246 2916 1283 2984 in

287 3029 439 3110 eodem,
459 3043 591 3124 totque
611 3027 691 3098 aliis
708 3027 955 3098 animantium
978 3030 1180 3126 generibus
1201 3033 1282 3104 nul·
1360 3047 1362 3124 t

286 3144 367 3217 lum
389 3144 660 3240 coagulationis
689 3143 890 3232 indicium,
913 3145 978 3216 sed
1003 3163 1135 3218 contra
1166 3147 1281 3220 fluidi·
1361 3201 1362 3206 η

286 3261 371 3332 tatis
404 3263 510 3358 signa
538 3261 576 3330 in
604 3262 782 3358 sanguiue
814 3261 1119 3358 deprehendisse.
1153 3265 1218 3336 Sed
1247 3282 1283 3338 et
1361 3279 1362 3340 ζ

285 3378 722 3475 Redius(3)quita1nen
745 3380 784 3447 in
810 3379 1036 3476 quibusdam
1059 3385 1279 3482 coagulatio·

286 3519 374 3602 nem
393 3496 495 3620 illan
521 3497 735 3582 invenerat,
755 3495 891 3586 diserte
911 3514 1040 3595 negat,
1067 3523 1210 3600 semper
1241 3503 1277 3570 in
1361 3503 1362 3576 ?

323 3793 366 3875 (r)
388 3799 424 3851 In
436 3795 539 3852 Addit.
553 3795 591 3851 ad
601 3796 678 3852 hanc
694 3815 746 3868 10,
760 3773 784 3853 si.
799 3797 862 3854 obs.
880 3817 910 3868 1,
924 3811 953 3855 et
967 3795 1061 3858 schol.
1077 3802 1140 3862 aad
1151 3800 1209 3858 oba.
1227 3815 1254 3856 a.
1360 3779 1362 3796 i

321 3892 364 3973 (a)
385 3895 459 3950 Obs.
473 3895 537 3952 ead.
552 3913 586 3965 a,
602 3907 631 3951 et
643 3907 714 3953 sect.
731 3897 796 3955 ead.
816 3898 881 3954 obs.
895 3898 923 3953 6.

319 3993 365 4071 (3)
385 3995 539 4053 Osservaz.
553 3994 602 4051 cit.
