2858 4658
675 310 689 339 Χ

295 395 344 480 40
461 399 677 460 on'semnus
701 409 746 456 rr
770 407 904 520 crusis!
918 407 1139 456 uonnmru

297 525 409 598 dolor
428 529 613 624 primum,
643 521 779 616 deinde
808 521 1002 596 abscessus
1028 523 1221 620 corripuit.
1244 527 1300 599 Ex

295 643 371 714 hoc
403 656 532 740 aperto
564 663 649 710 cum
680 663 751 737 pus
780 665 823 712 ea
853 640 963 737 copia
997 639 1168 736 quotidie
1196 640 1299 714 exire

296 760 438 832 diutius
465 771 638 856 pergeret
661 782 742 854 quae
776 756 970 828 hominem
1002 755 1299 855 undeoctoginta

296 901 418 950 annos
441 890 571 945 natum
590 897 702 971 quam
729 872 902 946 facillime
923 889 1050 970 posset
1082 872 1299 965 absumere;

295 992 465 1066 medicus
484 1005 521 1062 et
549 990 749 1090 chirurgus
783 990 1065 1064 occurrendum·
1100 980 1300 1081 censuere,

279 1111 359 1182 'ille
384 1109 472 1180 dato
495 1110 705 1206 lignorum,
723 1123 765 1180 ut
783 1125 939 1196 vocant,
962 1108 1138 1196 decocto,
1163 1108 1226 1178 hic
1252 1110 1299 1182 iis

295 1227 484 1300 abscessui
503 1225 679 1298 adhibitis
697 1252 779 1324 quae
798 1227 845 1298 ad
862 1226 1140 1324 persanandum
1162 1226 1299 1298 attine-

295 1360 392 1417 rent.
411 1350 567 1442 Jamque
580 1344 695 1439 hujus
713 1342 900 1416 orificium
919 1345 1043 1442 ipsum
1061 1342 1186 1414 claudi
1201 1342 1301 1414 vide·

296 1461 432 1550 batur,
452 1486 538 1536 oum
552 1462 673 1559 gravis
686 1476 842 1560 repente
857 1458 971 1532 febris
985 1473 1113 1532 exorta
1129 1474 1202 1548 est,
1217 1483 1302 1556 per-

298 1578 457 1664 turbans
473 1593 606 1675 eaput,
624 1593 661 1649 et
676 1576 851 1648 delirium
873 1575 986 1648 affere
997 1577 1190 1674 incipieus.
1204 1579 1300 1648 Tum

297 1721 342 1768 ex
354 1697 472 1770 altero
488 1694 585 1797 pede
596 1698 746 1793 sanguis
761 1696 942 1781 mittitur,
960 1693 1154 1766 abscessus
1166 1718 1301 1768 rursus

296 1813 479 1911 aperitur:
499 1826 536 1885 et
557 1813 610 1883 sic
631 1809 745 1884 febris
765 1811 917 1908 quidem
932 1810 1008 1895 illa
1027 1810 1209 1908 abigitur3
1234 1810 1301 1883 sed

296 1917 348 2004 ex‘
360 1929 434 2002 hoc
446 1932 583 2002 iterum
598 1943 699 2002 tanta
715 1931 820 2026 puris
831 1929 939 2026 copia
952 1927 1080 2025 prodit
1098 1943 1136 2000 et
1144 1927 1302 2026 prodire

294 2051 437 2148 pergit,
454 2062 497 2120 ut
518 2045 565 2119 de
584 2071 681 2144 aegro
706 2045 926 2144 desperent,
949 2070 1020 2118 nec
1039 2046 1120 2118 sine
1142 2046 1306 2118 ratione,

295 2168 484 2262 Namque,
503 2178 546 2236 ut
562 2179 654 2235 tunc
678 2163 842 2260 primum
869 2163 1070 2236 accersitus
1091 2163 1185 2251 vidi,
1204 2187 1303 2259 aeger
1375 2215 1378 2219 -

299 2284 366 2379 qui
383 2281 488 2353 bono
507 2297 616 2354 antea
641 2278 762 2352 fuerat
788 2279 941 2370 habitu,
967 2295 1004 2354 et
1021 2305 1093 2378 pro
1115 2279 1178 2350 illa
1196 2295 1303 2354 aetate

298 2397 499 2488 robustus,
534 2422 616 2471 ossa
640 2412 753 2496 atque
779 2397 887 2494 pellis
904 2410 1004 2470 totus
1023 2412 1119 2488 erat,
1144 2413 1181 2469 et
1196 2396 1303 2468 infir·
1364 2443 1368 2450 -

298 2517 474 2590 missimis
506 2515 667 2605 viribus,
694 2512 876 2588 febricula
909 2539 1106 2612 nunquam
1128 2511 1302 2604 carebat,

297 2633 546 2708 acerbissimis
563 2631 723 2706 subinde
738 2633 857 2704 cruris
875 2631 1072 2706 doloribus
1096 2631 1304 2730 torqueba·

299 2763 386 2838 tur,
405 2776 451 2822 ex
472 2775 592 2848 eoque
609 2765 756 2822 tantum
773 2736 945 2845 ejiciebat
964 2751 1090 2848 puris,
1115 2767 1303 2850 quantum

300 2863 408 2939 facile
423 2892 504 2940 non
519 2866 770 2940 credidissem.
786 2867 1001 2965 Apparebat
1016 2867 1211 2957 omnibus,
1225 2893 1304 2940 ser·

219 2985 221 2987 ’
300 2984 380 3054 vari
395 2982 590 3056 hominem
613 3007 692 3054 non
716 3007 847 3080 posse,
862 2983 938 3055 uisi
961 3007 1045 3058 crus
1067 2985 1305 3060 convalesce-

301 3116 370 3177 ret.
389 3099 460 3172 Sed
476 3099 552 3171 hoc
569 3124 683 3197 quam
704 3097 857 3172 difficile
873 3114 990 3189 esset,
1009 3102 1162 3174 inutiles
1179 3100 1305 3175 haete-

299 3241 373 3291 nus
390 3239 522 3287 omnes
546 3215 780 3288 medicorum
798 3232 836 3288 et
854 3216 1023 3316 chirurgi
1044 3244 1160 3308 curae,
1183 3243 1225 3290 ac
1248 3219 1304 3294 la·
1398 3240 1400 3244 ’

300 3333 415 3408 bores
440 3333 705 3424 ostendebant,
717 3334 765 3406 ad
783 3334 863 3406 baeo
878 3335 1093 3433 gravissima
1112 3348 1217 3426 aetas,
1234 3335 1305 3410 fer·

299 3449 550 3539 vidissimum,
590 3451 695 3550 quod
725 3453 868 3525 interea
906 3453 1135 3544 advenerat,
1172 3455 1304 3526 mediae

301 3569 435 3640 aestatis
450 3583 618 3667 tempus,
635 3584 672 3642 et
687 3564 822 3667 praeter
833 3594 876 3640 ea
895 3595 977 3666 quae
994 3571 1094 3642 dieta
1113 3586 1217 3662 sunt,
1228 3586 1304 3646 sto·

300 3683 460 3758 machus
484 3685 738 3758 remediorum
760 3701 948 3783 pertaesus.
991 3689 1076 3759 Duo
1106 3701 1232 3788 tamen
1258 3713 1305 3760 ex
1364 3728 1370 3732 ·
1416 3697 1419 3706 ’

299 3801 361 3877 his
387 3815 628 3901 supererant,
647 3825 812 3898 quorum
837 3803 1016 3894 alterum,
1043 3803 1105 3900 jus
1128 3804 1305 3880 videlicet

300 3919 487 4031 terrestris
509 3917 722 4009 testudinis,
739 3918 867 4027 senipr
888 3920 969 4018 ejus
986 3922 1157 4003 medicus
1176 3921 1303 3998 lauda·
