2836 4648
121 507 192 556 ιη.
202 508 236 553 v.
255 499 494 554 urtnnrnnts
508 487 558 550 ab
570 499 640 549 tm.
656 499 778 552 surra.
790 489 903 551 narse.
917 500 1029 558 utu.
1057 473 1128 577 607

121 619 273 696 sustulit
299 617 399 691 circa
419 615 588 690 modim
617 615 794 688 martium
814 616 905 688 anni
932 613 1040 720 1752.
1061 621 1129 690 Ca-

122 739 273 826 daveris
300 733 493 810 macilenti
522 733 726 834 pulmones
751 721 1132 808 detraxerat'tltedia,
1160 751 1165 760 ·

120 855 181 926 via
233 879 329 954 quos
349 877 480 927 revera
505 849 622 926 duros
639 847 753 928 fuisse
782 849 1003 926 affirmabat.
1023 855 1130 926 Non-

119 973 193 1045 nul
209 997 248 1045 as
263 986 354 1044 vero
373 971 468 1045 alias
481 985 607 1070 partes
625 993 697 1070 ego
715 967 892 1044 studiosis
911 968 1129 1044 adolescen·
1197 1058 1200 1074 Ι
1245 1039 1248 1048 ,

119 1089 227 1164 tibus
241 1087 388 1164 ibidem
399 1095 530 1188 postea
550 1087 826 1190 demonstravi,
840 1087 882 1162 iu
897 1091 1018 1188 capite
1034 1111 1128 1188 pree-

121 1207 271 1293 serfim,
291 1223 329 1280 et
357 1205 592 1306 genitalibus.
619 1209 664 1277 Et
688 1207 729 1276 in
754 1202 822 1276 illo
850 1203 1005 1303 quidem
1033 1203 1130 1278 nihil

120 1321 373 1398 animadverti
384 1321 491 1424 quod
501 1335 823 1424 praeternaturam
834 1337 947 1412 esset,
965 1322 1039 1398 uisi
1051 1335 1131 1396 ten·

70 1483 74 1492 ·
120 1443 225 1516 dinis
244 1441 470 1516 trochlearis
489 1440 649 1515 musculi
677 1428 831 1513 alterius
848 1440 949 1513 oculi
963 1465 1048 1514 cum
1063 1465 1137 1513 sua
1241 1425 1243 1433 '

120 1558 297 1632 trochlea
311 1558 510 1649 coalitum,
524 1573 568 1634 ut
580 1571 790 1632 retrorsum
798 1555 983 1631 trahentis
992 1553 1130 1657 digitos
1184 1641 1187 1647 7

121 1667 318 1750 musculus
334 1701 414 1749 nou
432 1691 667 1776 sequeretur.
677 1677 723 1746 In
730 1673 903 1776 partibus¹
912 1683 1037 1746 autem
1049 1699 1132 1774 quae

120 1793 333 1894 generandi
351 1785 606 1868 c'ausacreatae
621 1793 731 1882 sunt,
753 1789 875 1864 multo
890 1790 1131 1892 pluraquam
1226 1823 1229 1828 ·
1299 1873 1300 1881 ἵ
1391 1781 1393 1791 ’

20 1941 21 1946 “
122 1912 351 2002 voluissem,
370 1911 608 2011 deprehendi
621 1909 669 1986 ab
681 1909 849 1982 naturali
862 1899 1141 1984 constitutione¹

123 2053 283 2130 prorsus
310 2029 446 2102 aliena.
473 2031 640 2101 Primum
669 2029 771 2100 enirn
799 2026 848 2100 de
880 2027 1133 2126 Falloppianis
1218 2093 1222 2106 ,

124 2147 230 2220 tubis
262 2145 377 2218 allera
395 2161 564 2219 extremo
582 2169 651 2220 suo
667 2141 858 2218 fimbiiato
873 2145 925 2218 ita
941 2165 1028 2217 cum
1042 2159 1135 2216 teste
1163 2179 1167 2185 ·

127 2264 337 2354 coalueram
347 2279 391 2336 ut
403 2265 667 2363 interpositum
686 2261 846 2337 fimbriis
864 2263 1036 2338 osculum
1053 2285 1135 2333 non
1159 2351 1165 2358 .

38 2371 40 2374 ⁵
126 2395 325 2482 appareret
345 2408 356 2472 ;
379 2381 495 2455 altera
519 2387 648 2456 autem
674 2380 770 2455 illud
796 2381 970 2456 'osculum
995 2383 1135 2480 imper-

126 2497 432 2601 viumhabebat‚
451 2519 634 2599 suamque
662 2499 873 2599 proximam
899 2513 1045 2598 partem
1069 2499 1136 2570 im·

131 2615 313 2688 mobilem
336 2625 494 2716 propter
505 2613 610 2690 alam
628 2614 965 2717 vespertilionum,
986 2599 1137 2714 quaeibi

41 2720 43 2732 ’
131 2757 210 2804 non
222 2787 232 2824 ‚
245 2747 288 2806 ut
302 2733 416 2824 solet,
436 2735 569 2824 latior,
586 2732 653 2810 sed
665 2749 915 2836 perangusta,
933 2732 1063 2807 tubam
1087 2734 1136 2806 ad
1243 2787 1245 2792 -

130 2865 266 2924 testem
297 2851 535 2928 annectebat.
560 2851 669 2926 Uteri
697 2853 858 2956 parietes
880 2865 989 2928 eraut
1006 2853 1141 2940 crassi,

39 3011 42 3022 ·
131 2991 344 3068 eorumque
376 2971 494 3043 sectio
517 2993 584 3044 vas
616 2966 892 3070 'sanguiserum‚
921 2991 988 3044 seu
1021 2971 1165 3043 mavis·

132 3085 259 3160 sinum
290 3086 611 3184 comprehensum
643 3085 742 3160 intra
767 3084 939 3186 ipsorum
967 3085 1140 3161 substan·
1172 3107 1174 3112 ’

119 3203 224 3294 xtiam
255 3203 421 3277 ostendit
450 3203 499 3280 ad
528 3205 732 3280 transversi
760 3204 907 3305 pollicis
934 3203 1142 3304 longitudi-

130 3319 433 3413 nem‚diamen0
448 3337 574 3398 autem
594 3322 859 3424 sesquilinenm
877 3324 998 3395 unciae
1022 3325 1143 3396 Bono·

133 3441 278 3514 niensis
292 3455 488 3540 aequante:
515 3443 556 3514 in
573 3463 620 3515 eo
641 3442 728 3516 sinu
745 3441 952 3542 pauxillum
974 3444 1144 3514 concreti
1170 3439 1173 3445 ‘

132 3557 327 3656 sanguinis
343 3557 520 3632 vidimus.
536 3535 703 3636 lissenor
720 3543 820 3630 uteri
836 3555 1052 3656 superficies
1065 3572 1144 3629 tota

131 3687 215 3747 erat
231 3673 420 3748 levissime
441 3674 622 3766 humida3
651 3677 691 3748 iu
714 3673 852 3763 fundo,
869 3687 908 3748 et
931 3675 972 3744 in
989 3675 1145 3746 cervicis

131 3789 264 3864 infima
280 3807 387 3892 parte
399 3791 521 3884 fusca,
534 3793 575 3866 in
586 3793 736 3893 reliqua·
751 3805 878 3865 autem
896 3787 1040 3878 albida,
1060 3815 1145 3888 quae

132 3911 206 3982 cui
229 3909 295 3984 hic
320 3889 552 4000 memorem,
571 3907 669 3982 inira
696 3908 831 3983 dicam.
857 3906 996 3981 Eadem
1017 3905 1148 3982 infima
1198 3887 1203 3899 ⁴
1299 3983 1301 3989 k

133 4029 294 4104 cervicis
317 4053 404 4129 pars
424 4045 504 4105 erat
518 4051 626 4129 aequo
638 4027 849 4129 angustior,
868 4003 906 4100 dt
923 4027 1022 4099 uteri
1041 4049 1150 4099 oscu-
