2858 4658
898 195 912 236 N

273 513 275 520 ,
300 433 349 510 36
468 457 516 506 nr
541 453 687 506 suerrus
711 455 756 503 ar
780 453 904 504 causrs
928 420 1137 506 uoaaoanar
1202 523 1206 528 .

299 597 380 645 non
394 574 495 660 esse,
519 555 606 668 quia
627 569 742 640 lintea
758 569 912 640 materia
930 567 1002 642 hac
1017 575 1169 669 copiose
1189 572 1302 658 imbu-

288 705 358 779 ta,
372 688 533 763 flammis
545 683 635 774 sotis
651 686 718 758 'diu
729 692 901 758 resistunt
910 714 923 774 ,·
941 688 1048 784 quasi
1063 712 1154 760 vero
1166 705 1302 786 praeter

284 807 400 880 :illam
418 805 515 876 nihil
537 803 713 888 indusiiS‚
733 803 859 877 aliisve
879 802 1008 876 linteis
1029 803 1236 878 adhaereret
1255 831 1302 879 ex

285 925 465 1012 ¹sudoris,
509 937 546 995 et
576 922 763 994 insensilis
811 923 1094 1020 perspirationis
1129 926 1302 1016 materia,

286 1056 364 1114 ‘aut
386 1041 498 1112 illam·
513 1038 720 1138 quidquam
740 1054 875 1138 praeter
894 1064 1037 1138 purum
1052 1040 1179 1112 oleum
1204 1065 1307 1132 esse,

286 1181 562 1256 negassemus:
592 1141 758 1255 quorum
788 1171 968 1228 neutrum
992 1156 1125 1231 cadere
1147 1159 1187 1228 in
1216 1161 1301 1232 ani-

296 1301 401 1350 mum
430 1288 578 1374 poterat
604 1273 774 1372 quotidie
800 1275 1024 1366 videntium,
1052 1299 1166 1375 quam
1192 1273 1303 1349 facile

205 1485 209 1495 1
286 1397 394 1468 ‘cutis
415 1393 545 1466 sordes
568 1418 664 1491 aqua
683 1379 895 1464 abluantur.
923 1397 1010 1467 Non
1037 1392 1154 1464 modo
1185 1393 1303 1492 igitur
1375 1475 1378 1482 ,

289 1538 366 1614 —per
386 1513 562 1599 exterius,
577 1510 641 1584 sed
657 1535 725 1608 per
742 1511 901 1584 interius
908 1511 1018 1583 etiam
1028 1509 1187 1584 admista
1196 1511 1302 1590 illam

297 1633 351 1706 sic
375 1632 461 1704 satis
487 1652 711 1728 soponoceae
733 1626 869 1706 indoles
897 1651 975 1699 esse
997 1626 1203 1716 credimus,
1229 1652 1303 1701 nec

294 1763 421 1822 tamen
434 1762 477 1818 ut
492 1769 619 1817 ornnes
632 1746 805 1817 humores
823 1751 990 1843 corporis
1003 1751 1137 1836 nostri,
1151 1745 1216 1820 sed
1233 1771 1301 1844 pe·

201 1951 203 1957 ¹
275 1947 276 1952 ,
296 1867 426 1939 culiari
443 1865 609 1964 quodam
628 1863 763 1952 modo,
781 1878 818 1934 et
837 1863 929 1935 hinc
947 1859 1049 1952 fieri,
1066 1877 1108 1934 ut
1123 1865 1154 1936 si
1175 1864 1299 1936 statim

293 2000 408 2082 atque
420 1985 640 2081 incorpore
653 2005 744 2052 sano
763 1995 902 2053 secreta
924 1995 997 2068 est,
1019 1981 1299 2081 inspiciatur-et

294 2116 567 2188 contrectetur,
585 2099 741 2196 ejusque
754 2095 908 2170 effectus
924 2113 1159 2196 spectentur,
1176 2125 1299 2199 quan·

293 2211 1297 2315 tumacaeterishumoribusdifferat,intelligatur.Haec

282 2337 438 2410 've‘road
450 2336 552 2407 illam
565 2335 921 2433 quoquemateriam
936 2331 1130 2408 sebaceam
1146 2335 1299 2410 transle-

293 2479 354 2531 ras
367 2455 498 2542 velim,
514 2477 595 2551 quae
607 2455 705 2524 circa
717 2451 848 2525 oculos
863 2477 885 2524 a
899 2467 1083 2524 tarsorum
1091 2453 1298 2550 glandulis,

272 2588 332 2652 ,et
348 2572 526 2671 proximae
543 2569 755 2664 carunculae
769 2585 977 2668 separatum
996 2585 1132 2642 namet
1148 2595 1190 2644 ea
1208 2595 1297 2644 cum

292 2689 500 2788 lacrymali,
516 2689 656 2786 jugiter
673 2702 835 2777 secreto,
852 2687 1014 2761 humore
1032 2689 1295 2786 permiscetur.

291 2806 438 2897 Quibus
454 2807 492 2876 in
508 2805 714 2903 glandulis,
727 2820 765 2878 et
791 2830 867 2904 qua
882 2807 922 2876 in
937 2806 1159 2896 caruncula,
1176 2808 1216 2878 in
1232 2833 1295 2880 ea·

291 2949 366 3022 qne
385 2924 521 3014 vicinia
540 2921 632 3020 quid
650 2922 743 2994 olim
759 2947 865 2996 meus
884 2947 1039 3021 quoque
1056 2923 1167 2996 labor
1182 2949 1295 3024 praes·

290 3041 424 3127 titcrit,
450 3064 598 3139 possem
619 3065 690 3139 ego
710 3040 939 3139 quibusdam
957 3040 1038 3114 aliis
1057 3041 1204 3131 dicere,
1226 3045 1294 3141 qui

290 3159 331 3228 in
356 3157 431 3230 illis
467 3173 553 3229 ante
593 3157 664 3230 hos
703 3157 963 3258 duodeviginti
995 3183 1115 3233 annos
1157 3144 1294 3233 descri-

185 3257 193 3279 χ
287 3272 424 3346 bendis
441 3289 632 3346 anatomes
645 3274 843 3346 historiam
856 3289 921 3346 aut
939 3299 978 3348 se
998 3276 1160 3366 nescire,
1177 3292 1243 3348 aut
1259 3279 1291 3352 si

289 3378 432 3479 sciunt,
456 3393 567 3464 nimis
597 3407 730 3490 aperte
746 3391 1003 3483 dissimulare,
1030 3393 1289 3469 ostenderunt.

287 3507 361 3580 Sed
377 3533 449 3580 nec
465 3510 559 3581 tanti
578 3509 617 3580 id
630 3508 740 3598 facio,
754 3496 792 3581 et
805 3510 882 3605 jam
900 3509 969 3582 tibi
983 3509 1123 3583 oblitus
1134 3509 1290 3586 fortasse

287 3624 434 3705 videor,
447 3625 528 3714 hic,
542 3641 584 3698 ut
603 3649 716 3724 supra
739 3625 836 3714 dixi,
858 3643 1118 3724 opportunum
1145 3628 1291 3705 discus·

286 3742 458 3816 sionibus
475 3743 661 3839 ejusmodi
677 3769 756 3815 non
772 3767 852 3816 esse
872 3744 1010 3816 locum.
1153 3739 1155 3750 '
1287 3729 1291 3737 Δ

339 3859 392 3932 13.
411 3861 531 3958 Igitur
548 3883 569 3928 a
588 3858 732 3952 scabie,
748 3860 787 3931 id
807 3875 862 3933 est
884 3885 904 3930 a
930 3862 1141 3936 minoribus
1163 3864 1290 3940 ulcus·

286 3976 382 4050 culis
412 3975 460 4048 ad
494 3989 626 4048 caetera
658 3977 785 4053 ulcera
820 3992 1064 4058 transeamus.
1096 3981 1291 4084 Ampliora
