2836 4648
88 437 200 484 unv.
210 438 256 484 DE
264 431 771 504 ADDENDISADLIBAEUEMOR.
784 432 1001 484 srtsmxtx.
1020 408 1088 506 671

142 547 197 621 15.
216 554 310 640 Cum
325 548 372 620 de
391 545 452 619 lue
472 568 632 618 venerea
655 547 850 646 epistolam
868 546 915 618 ad
942 562 982 620 te
1003 547 1092 620 dedi

89 667 228 755 LVIII,
246 663 353 738 facile
368 664 585 737 memineris
610 690 670 735 me
688 689 734 736 eo
754 644 952 762 pauciores
969 665 1007 736 in
1028 666 1092 740 illa

87 782 371 856 observationes
386 782 596 880 scripsisse,
610 779 856 880 quod'plnres
871 806 964 881 quas
983 783 1092 854 initio

86 900 230 974 ibidem
251 900 304 1000 (r)
321 901 533 998 singillatim
561 897 744 986 indicavi,
761 900 799 970 in
822 899 902 971 aliis
920 923 1013 1004 sape
1032 900 1092 970 lit·

86 1019 178 1088 teris
196 1019 396 1103 miserant,
427 1019 624 1090 occasione
654 1019 845 1090 variorum
866 1016 1090 1088 morborum

86 1133 315 1232 quibuscum
334 1160 376 1207 ea
392 1135 476 1208 lues
490 1133 801 1234 conjungebatur.
822 1133 879 1206 Ad
896 1135 1092 1206 illasnunc

84 1253 175 1328 alias
201 1253 336 1340 addes,
373 1267 410 1326 et
443 1253 646 1350 praesertim
683 1275 818 1350 quam,
849 1251 895 1324 de
927 1250 1091 1349 aphonia

88 1369 259 1442 scribens
284 1372 298 1469 (
325 1371 361 1467 )‚
381 1369 428 1441 ad
457 1369 545 1441 vitia
572 1369 724 1440 simula
749 1371 934 1442 virulenta
956 1395 1093 1468 gonor-

84 1488 191 1560 rhoea
204 1489 302 1558 virili
313 1487 475 1558 uretbrae
486 1487 862 1585 illataJpertinentem
878 1511 957 1558 non
969 1489 1090 1574 omisi.

84 1609 131 1678 ln
152 1603 326 1678 femineis
344 1619 476 1676 'autern
500 1603 727 1702 genitalibus
741 1630 822 1700 quae
850 1605 946 1676 mala
964 1603 1092 1678 ablue

85 1723 149 1794 illa
165 1721 350 1822 producta
369 1721 504 1794 viderit
521 1721 566 1824 cl.
585 1719 838 1810 Roedererus',
856 1747 900 1792 ex
923 1722 1004 1818 ejus
1022 1721 1094 1812 dis·

88 1842 292 1912 sertatione
306 1839 352 1910 de
364 1840 460 1912 uteri
472 1825 696 1936 skirrho(3)‚
710 1865 811 1936 quae,
828 1821 1106 1937 cumprimum

82 1943 239 2056 scripsi,
254 1957 418 2030 necdum
438 1957 630 2056 prodierat
638 2012 649 2056 y
673 1973 709 2030 et
727 1983 771 2029 ex
788 1969 871 2029 mea
890 1956 960 2028 bac
976 1983 1089 2054 quam

86 2100 132 2147 eo
147 2092 318 2173 tempore
333 2069 504 2146 nondum
516 2075 721 2146 habueram
734 2075 995 2147 observatione
1009 2100 1093 2176 qure

86 2191 182 2262 mihi
203 2219 241 2265 se
258 2191 482 2280 obtulerint,
500 2217 716 2292 cognosces.
751 2189 754 2195 ’

140 2310 195 2382 ι6.
217 2309 415 2386 Mulierem
432 2311 660 2384 consistente
682 2325 804 2398 aetate,
824 2332 976 2384 crurum
992 2307 1093 2380 oede·
1144 2310 1152 2342 ⁶

90 2441 216 2515 mate,
244 2425 349 2525 quod
384 2442 514 2528 postea
550 2427 711 2514 abierat,
741 2445 951 2526 correptam
980 2424 1095 2498 fuisse

90 2544 316 2634 constabat3
352 2545 438 2642 quis
466 2552 592 2618 autem
622 2541 859 2644 potissimum
896 2543 1095 2616 occidisset

90 2659 268 2752 morbus,
285 2661 542 2766 ignorabatur.
559 2661 630 2734 Sed
654 2663 717 2734 lue
731 2688 892 2756 venerea
907 2661 1095 2734 laborasse

87 2774 248 2847 dubium
269 2805 348 2849 non
366 2794 455 2850 erat.
478 2784 575 2868 Nos,
598 2805 683 2850 curn
706 2779 753 2849 ad
772 2780 842 2849 alia
859 2805 942 2876 quae
961 2803 1096 2854 secun-

86 2891 179 2992 dum
193 2911 365 3000 naturam
377 2915 521 2984 essent,
541 2897 801 2983 examinanda,
816 2913 852 2997 et
862 2883 1096 2976 ostendenda

86 3009 187 3084 illius
208 3013 366 3086 cadaver
383 3030 470 3087 ante
497 3016 664 3087 medium
688 3016 865 3088 martium
892 3015 1095 3114 anni1754

88 3129 128 3199 in
146 3139 369 3204 nosocomio
398 3133 631 3222 incideretur
644 3134 660 3224 ;'
681 3133 759 3204 baec
783 3158 865 3230 quae
889 3131 936 3204 ab
957 3148 1098 3206 naturae

86 3237 206 3344 ¹modo
230 3249 351 3322 aliena
374 3267 520 3340 essent,
548 3251 820 3324 adnotavimus.
849 3249 996 3344 Thorau
1020 3253 1102 3348 qui-

90 3363 177 3434 dem
201 3367 377 3438 nonnihil
405 3393 529 3468 aquae3
558 3367 728 3442 cranium
746 3393 858 3457 vero,
888 3384 925 3468 et
950 3366 1097 3440 cerebri

88 3481 306 3572 ventriculi,
322 3499 359 3555 et
378 3487 492 3584 spinae
512 3511 642 3558 cavum
662 3487 747 3584 plus
759 3485 990 3574 habuerunt.
1005 3485 1101 3554 Ven-

93 3675 1101 3723 ····-.-···-·-··--—---·--÷----·—---··7·

84 3852 90 3861 ¹
130 3781 174 3861 (r)
195 3785 233 3842 tt.
256 3803 285 3842 a.

131 3881 176 3960 (a)
197 3883 293 3959 Epist.
311 3883 368 3960 63,
383 3905 415 3942 n.
429 3886 477 3946 13.

132 3977 175 4062 (3)
196 3985 234 4040 Ν.
257 3983 307 4056 48.
