2746 4662
95 461 168 511 rra.
183 463 232 510 rr.
249 463 297 512 ur
310 460 447 510 nouare
458 461 656 527 cmnnac„
670 451 739 510 etc.
755 461 867 513 nrrsr.
884 461 956 509 cvr.
988 437 1058 537 ¹39

46 575 139 650 biles
165 575 283 650 tactas
309 599 388 649 esse
407 576 642 675 perciperct3
660 575 858 648 mulierem
875 599 959 673 quae
976 597 1058 674 ges·

47 709 123 767 tare
140 695 251 766 illum
262 693 428 782 solebat,
447 693 665 782 accusavit,
677 693 786 790 qnasi
801 717 899 791 puer
915 718 960 766 ex
976 694 1057 791 ejus

48 811 223 885 manibus
244 810 462 900 excidisset,
481 825 519 883 et
540 809 743 884 brachium
766 823 971 908 utrumque
990 809 1069 884 fre.

49 931 171 1028 gisset.
185 927 299 1022 Quod
318 953 404 1002 cnm
419 943 644 1028 pernegaret
653 928 716 1000 illa
733 941 969 1040 constanter,
991 953 1056 1028 paq

47 1061 174 1122 rentes
201 1049 278 1120 utri
300 1045 499 1120 crederent
515 1047 652 1134 nescii,
672 1067 766 1119 ame
785 1047 997 1145 petierunt,
1011 1060 1055 1118 ut
1154 1125 1156 1134 ¹

48 1163 268 1263 chirurgum
291 1162 485 1252 audirem,
501 1179 538 1236 et
557 1188 652 1236 num
674 1160 771 1236 forte
796 1163 1055 1262 deciperetur,

49 1304 326 1380 cognoscerem.
354 1286 450 1354 Cum
481 1281 538 1354 illi
562 1283 662 1369 iuter
685 1279 893 1380 petendum
910 1303 1055 1354 narras·

49 1415 146 1487 sent,
166 1399 336 1498 puellum
355 1399 471 1498 paulo
484 1415 571 1472 aute
595 1399 758 1497 graviter
776 1423 822 1470 ex
836 1399 987 1473 variolis
1006 1397 1056 1471 la·

48 1515 222 1608 borasse,
239 1517 358 1617 idque
378 1515 619 1590 confirmaret
643 1517 860 1616 chirurgus;
877 1516 982 1604 vide,
1003 1517 1056 1588 iu-

52 1658 184 1732 quam,
210 1635 336 1725 sodes,
362 1661 410 1708 ne
439 1636 637 1709 abscessus
658 1633 818 1708 variolas
840 1637 1056 1726 consecuti,

51 1752 241 1824 erodendo
258 1754 453 1852 perio'stia,
483 1752 685 1853 epiphyses
704 1753 777 1844 illis
802 1777 890 1826 cum
907 1751 1054 1853 ossibus

51 1869 288 1968 colligentia,
323 1869 392 1944 has
417 1868 513 1943 forte
543 1873 820 1972 separaverint3
845 1869 919 1942 hoc
938 1872 1055 1942 enim
1112 1953 1114 1957 ¹
1241 1963 1244 1972 Δ

51 2011 132 2058 cum
152 1987 200 2060 ub
220 1989 302 2062 aliis
319 1991 431 2060 ctiam
447 1989 607 2062 internis
628 1989 769 2077 causis,
785 2004 869 2060 tum
886 1989 1055 2060 nomina·

50 2107 112 2175 tim
131 2131 153 2177 a
175 2105 336 2178 variolis
355 2127 613 2205 saepenumero
643 2104 830 2193 accidere,
852 2103 945 2178 vidit
963 2106 1064 2180 olins

48 2225 199 2308 Parcus,
217 2224 324 2320 cujus
334 2222 405 2296 hac
426 2222 474 2296 de
493 2247 537 2295 re
547 2221 654 2296 locus
671 2247 759 2298 cum
776 2223 816 2296 iu
833 2222 1054 2322 sepulchre·

51 2354 125 2411 turn
138 2365 294 2440 quoque
304 2340 367 2440 (1)
380 2341 519 2414 relatus
533 2341 741 2430 sit,miror,
757 2340 953 2441 quomodo
971 2367 1062 2414 erum

53 2456 249 2531 ditissimos
259 2459 492 2556 caeteroqun
508 2458 610 2530 viros
620 2456 907 2558 fugerit,quide
921 2459 1054 2534 eadem

53 2600 89 2646 re
115 2575 318 2676 chirurgos
338 2581 455 2649 Pareo
479 2575 654 2672 juniores
678 2574 923 2648 laudaverint.
952 2567 1056 2668 Quid

53 2695 201 2790 quaeris?
226 2695 287 2768 Sic
309 2709 409 2784 erat,
427 2708 471 2766 ut
498 2692 737 2792 suspicabar,
760 2692 941 2792 chirurgo
957 2695 1059 2792 ingo·

53 2834 117 2884 nuc
134 2835 225 2884 mox
243 2809 403 2901 fatente,
433 2835 495 2882 me
524 2835 612 2882 vera
637 2809 904 2890 admonuisse:
937 2833 1055 2910 quarn

52 2925 286 3026 ingenuitatis
310 2929 462 3028 laudem
493 2951 573 3000 non
603 2928 717 3027 pauci
745 2926 858 3015 alias,
884 2952 945 3000 ute
974 2953 1058 3002 nou

52 3049 273 3146 suspicante,
301 3045 367 3118 sed
395 3045 703 3132 demonstrante,
723 3046 933 3142 consequi,
966 3071 1059 3119 cum.

53 3159 147 3236 lac-ile
162 3179 335 3261 possent,
349 3164 568 3238 utrlucrunt.
584 3163 748 3262 Cognito
764 3177 890 3262 autern
899 3163 1058 3255 morbo,

51 3298 142 3355 tecte
155 3298 377 3382 persanauts
392 3297 449 3355 est
465 3282 532 3355 ille
545 3305 653 3381 puer.
680 3283 799 3352 Porro
822 3280 871 3353 de
892 3281 1059 3356 danem

51 3401 263 3498 epptyston
287 3427 314 3472 a
331 3399 546 3474 variolisut
564 3400 646 3473 scio
662 3397 834 3498 quedam
854 3397 1054 3474 obseruata

52 3532 193 3592 exstare.
203 3520 315 3592 etiam
326 3520 367 3591 in
379 3532 659 3618 programmate
676 3515 751 3615 (π),
770 3515 875 3618 quod
892 3518 934 3600 in
950 3541 1063 3592 meas

83 3814 122 3897 (ι)
143 3820 222 3878 Sect.
237 3815 294 3878 hec
308 3817 345 3892 5,
358 3819 423 3879 ohe.
441 3838 474 3891 1,
492 3822 508 3890 5
521 3838 549 3890 7,
565 3837 634 3879 cum
646 3814 740 3876 schol.

83 3916 124 3996 (a)
140 3920 211 3978 vid.
236 3921 340 3980 adnot.
362 3921 401 3980 ab
419 3921 540 3980 Hellero
555 3920 596 3980 cd
619 3939 646 3976 c.
673 3924 708 3990 l,
727 3937 761 3994 p.
776 3917 837 3990 rt,
857 3914 949 3974 mdo
965 3915 1046 3976 stud.

50 4017 146 4077 medic.
161 4016 347 4081 Boerhme.
