2700 4660
63 489 131 538 mu.
148 493 199 539 1v.
216 493 260 540 nn
273 463 410 540 nonnis
422 487 619 557 cmnunn„
636 473 705 540 et'c.
721 493 947 542 nrrsrmvrn.
977 495 1047 567 229

45 601 160 676 derim
174 659 184 692 ,
199 604 380 694 alterutra
397 593 542 677 ratione
562 620 755 692 utentem3
779 607 918 677 mirum
942 609 982 676 in
1005 627 1049 676 ea

43 721 204 808 civitate,
224 724 262 792 in
284 747 361 823 qua
374 723 464 793 olim
483 721 672 792 floruisset
689 723 852 794 Jacobus
866 731 1049 820 Berenga-

44 838 116 908 rius
134 841 354 936 Carpensis,
375 866 395 910 a
420 841 633 912 mercuriali
665 840 886 913 inunctione
913 841 1049 927 clarus

46 979 155 1050 quam
185 958 286 1028 inter
307 958 450 1053 primos
476 957 655 1044 excoluit,
678 954 832 1028 fortasse
862 960 991 1046 etiam,
1009 972 1052 1029 ut
1108 959 1111 966 ’

46 1071 216 1170 plerique
245 1089 419 1160 censent,
445 1075 589 1170 primns
617 1075 867 1169 excogitavit:
893 1090 993 1146 certe
1021 1074 1052 1145 si

46 1189 148 1260 annis
165 1191 311 1287 aliquot
329 1205 407 1262 erat
423 1205 532 1262 natus
551 1188 637 1260 ante
660 1215 803 1260 annum
822 1191 925 1288 1467,
946 1188 1053 1288 quod

50 1307 124 1401 ejus
141 1308 299 1396 locus,a
316 1333 376 1378 me
394 1308 483 1378 alibi
501 1307 559 1406 (1)
574 1307 805 1405 productus,
820 1307 987 1379 indicare
1005 1309 1054 1375 vi·

50 1423 177 1513 detur,
196 1450 240 1498 ea
261 1441 340 1496 erat
360 1440 465 1496 aetate
490 1449 574 1496 cum
599 1425 681 1496 lues
708 1449 867 1496 venerea
888 1427 1053 1526 primum
1139 1411 1143 1418 ¹

50 1540 86 1610 iu
108 1546 261 1640 Europa
294 1544 444 1639 cognita
466 1557 541 1627 est,
575 1557 618 1613 ut
638 1541 699 1614 vel
725 1541 826 1612 inter
853 1541 914 1611 illa
931 1541 1054 1639 prima
1091 1580 1097 1586 ·

52 1657 151 1730 initia
167 1659 209 1730 id
228 1661 422 1732 instituere
440 1660 616 1757 potuerit.
635 1661 787 1748 Quanto
803 1673 927 1730 autem
946 1673 1055 1728 antea

54 1801 161 1872 quam
192 1779 273 1876 ipse
293 1757 509 1850 'Bononiam
534 1779 651 1864 irem,
680 1777 894 1847 mercurius
914 1791 950 1848 et
975 1799 1056 1848 sus·

56 1911 183 1990 pectus
204 1921 307 1978 esse,
338 1911 375 1969 et
400 1919 556 1994 perraro
583 1893 637 1964 ibi
665 1891 838 1964 adhiberi
866 1893 1056 1989 coepisset,

56 2011 111 2104 (ut
121 2015 345 2085 vetustiores
365 2013 551 2111 quosdam
565 2036 610 2082 ex
622 2007 926 2080 Bononiensibus
943 2010 1056 2104 scrip·

58 2129 202 2201 toribus
231 2127 565 2228 praetermittam),
593 2129 680 2200 satis
700 2125 865 2198 ostendit
883 2124 1057 2196 Claudini
1121 2107 1125 2120 ¹

59 2249 249 2346 Empz'rica
263 2246 543 2344 Βαιίοηαίιζψ),
558 2245 624 2316 ubi
633 2245 679 2318 de
688 2243 912 2342 hydrargyri
926 2242 1058 2313 utroli-

59 2361 305 2452 betusu,n0n
315 2365 431 2436 modo
446 2364 492 2436 de
505 2364 727 2462 perniciosis
741 2363 883 2458 saepius,
893 2359 1058 2456 ideoque

61 2477 117 2552 hic
136 2509 160 2554 a
179 2471 239 2554 nie
259 2507 307 2554 ne
326 2483 529 2554 nominatis
548 2479 721 2575 quidem,
746 2501 854 2548 exeo
872 2475 1060 2548 suffitibus

63 2599 173 2672 verba
189 2598 295 2673 fiunt.
318 2598 465 2690 Quibus
492 2598 605 2696 igitur
630 2595 953 2694 praestantissimos
974 2592 1061 2663 illos

64 2718 228 2789 medicos
246 2717 388 2805 vidisti,
405 2716 554 2812 inquis,
570 2711 747 2784 remediis
763 2724 912 2783 utentes
929 2723 1061 2807 contra

66 2857 260 2908 veneream
278 2834 409 2905 luem?
425 2834 613 2902 Nimirum
631 2819 796 2900 decoctis
816 2829 891 2899 sive
911 2827 1063 2924 pervul-

68 2968 168 3048 gata,
198 2951 311 3048 idque
336 2967 380 3023 ut
406 2950 636 3049 plurimum,
666 2947 811 3018 ratione
845 2944 958 3032 datis,
986 2946 1063 3018 sive
1135 2936 1137 2942 ’

69 3071 134 3142 alia
146 3095 261 3167 quam
269 3069 466 3155 Valsalvae,
487 3091 558 3138 nec
576 3091 663 3136 raro
678 3121 688 3154 ,
704 3065 743 3134 in
757 3087 829 3134 usu
844 3061 956 3134 fuisse
975 3062 1062 3132 vidi.

70 3191 159 3258 Cum
191 3189 292 3258 enim
320 3185 502 3284 quosdam
535 3182 857 3254 animadvertisset
891 3201 1066 3276 magnum

73 3303 216 3376 decocti
233 3304 433 3376 illius'vim
461 3300 617 3372 feliciter
644 3299 935 3396 ingurgitantes,
962 3294 1068 3394 quod

73 3445 206 3521 aquam
227 3419 432 3506 stibiatam,
451 3421 526 3488 sive
547 3443 683 3514 aquam
712 3419 815 3487 Corsi
827 3415 1009 3500 vocitant,
1027 3416 1069 3482 in

72 3555 233 3616 mentem
251 3536 322 3608 sibi
339 3537 484 3606 venisse
503 3533 785 3621 aiebat,eadem
811 3533 867 3602 uti
886 3529 988 3600 haud
1007 3529 1072 3599 ali-

72 3671 123 3728 ter
133 3682 176 3728 ac
194 3651 440 3727 thermalibus
456 3653 562 3748 aquis
575 3651 747 3723 solemus.
779 3654 913 3744 Itaque
923 3644 1073 3717 dedisse

71 3817 1065 3853 *Μ’-...Μ

110 3939 151 4020 (ι)
172 3939 267 4015 Epist.
283 3949 363 3994 anat.
378 3937 396 3994 6
405 3975 417 4012 ,
427 3957 458 3993 n.
473 3953 501 4007 2,
514 3935 547 3992 in
558 3933 611 3992 fin.

113 4039 153 4121 (a)
174 4041 209 4098 L.
224 4038 258 4113 6,
273 4057 298 4096 s.
310 4055 343 4112 α,
358 4047 397 4098 tr.
416 4057 442 4110 1,
457 4055 483 4094 e.
504 4035 533 4094 3.
