2824 4652
294 369 365 446 500
457 395 504 446 os
529 395 675 448 surmus
700 397 745 450 rr
769 395 893 448 cinus
918 367 1161 452 nonnonun'

287 511 489 612 pulmones
514 511 565 582 ait
599 513 758 583 omnino
795 512 929 610 plenos
956 517 1054 619 ueris
1084 513 1299 614 sanguinis-

288 653 363 726 que
387 625 520 716 fuisse,
550 626 664 725 hujus
690 625 873 702 'videlicet
897 631 995 704 intra
1017 657 1121 722 vasa,
1155 657 1245 730 quae
1264 632 1303 700 in

289 747 431 820 caeteris
446 770 602 845 quoque
617 740 842 836 visceribus,
869 762 911 821 ut
930 749 970 819 in
986 749 1195 822 submersis
1207 747 1304 835 aliis,

287 861 405 936 fluido
435 863 619 938 tumentia
643 864 823 962 sanguine
843 864 1124 964 deprehendit:
1148 864 1258 966 quod
1276 864 1304 937 si

289 981 338 1054 ab
358 1007 455 1082 aqua
471 997 617 1055 tumere
638 978 892 1054 ventriculum
912 975 1191 1082 conspexisset,
1226 1005 1302 1053 non

288 1098 438 1172 videtur
472 1096 586 1171 fuisse
612 1100 943 1198 pretermissurus.
974 1102 1164 1173 Dissectio
1190 1100 1303 1172 altem

289 1217 482 1316 epileptici
498 1231 577 1304 est,
599 1217 666 1314 qui
691 1217 730 1286 in
752 1215 930 1288 balneum
950 1215 1131 1316 frigidum
1153 1242 1245 1318 cum
1267 1241 1303 1289 se

289 1333 553 1424 immersisset,
568 1355 658 1404 mox
677 1334 716 1404 in
730 1357 776 1405 eo
801 1330 1005 1406 suffocat-us
1020 1337 1205 1433 inventus
1224 1333 1300 1406 luit.

288 1456 334 1525 In
354 1449 467 1524 nullis
478 1465 603 1524 autem
619 1433 732 1547 hujus
747 1451 955 1525 visceribus
967 1452 1189 1552 quidquam·
1200 1475 1302 1552 aquae

288 1583 482 1668 repertum
493 1583 580 1640 esta
595 1567 639 1640 cl.
649 1568 956 1666 Weszpremo(r)
967 1623 976 1653 ,
986 1570 1052 1667 qui
1067 1594 1157 1642 cum
1170 1591 1300 1668 aspera

282 1687 425 1762 arteria
445 1681 723 1784 personuisset,
747 1701 872 1757 aerem
889 1693 927 1757 in
937 1685 1120 1784 pulmone
1148 1703 1299 1759 conten·

289 1819 385 1892 tum,
406 1817 483 1876 tum
511 1801 581 1876 levi
598 1801 764 1900 quodam
781 1802 891 1877 sibilo
910 1809 1103 1902 erupisse,
1132 1805 1297 1878 audivit:

172 1998 175 2004 ,
290 1913 541 2022 quamobrem
555 1945 635 2014 uon
648 1917 889 2019 aquam,›sed
909 1945 1032 1993 aerem
1054 1945 1136 1994 esse
1153 1939 1299 2012 censet,

290 2043 359 2140 qui
377 2043 534 2140 repetitu
549 2053 659 2110 antea
686 2043 932 2137 inspiratione
949 2039 1239 2130 accumulatus,
1262 2055 1297 2113 et

288 2155 474 2260 vesiculas
489 2153 731 2256 pulmonales
749 2153 982 2244 distendens,
997 2158 1207 2254 sanguinis
1230 2183 1298 2258 per

288 2275 491 2376 pulmones
505 2274 724 2362 transitum,
743 2287 780 2346 et
806 2271 910 2370 quod
932 2275 1204 2371 consequitur,
1233 2301 1298 2374 per

288 2393 510 2466 universum
528 2413 666 2489 corpus
687 2379 971 2464 circulutionem
993 2388 1214 2489 prohibeat,
1231 2395 1294 2467 sic·
1395 2442 1399 2467 .

289 2535 367 2610 que
380 2508 613 2596 submersos,
624 2511 734 2601 forte
749 2522 786 2579 et
803 2507 1080 2606 strangulatos,
1092 2511 1293 2583 interimat.

289 2631 338 2702 Et
353 2626 458 2728 quod
476 2625 523 2700 ad
538 2625 789 2724 strangulatos
804 2623 959 2722 quidem
982 2639 1143 2724 spectat,
1163 2629 1294 2701 memi-

288 2747 388 2821 nisse
415 2759 524 2844 potes
551 2743 644 2844 quid
670 2743 749 2842 ipse
767 2741 813 2814 de
830 2757 979 2815 retento
1000 2745 1040 2814 in
1058 2768 1193 2818 eorum
1214 2747 1295 2846 pul·

242 2869 260 2968 «ι’
289 2863 489 2942 monibus.
510 2877 548 2936 et
564 2862 743 2936 dilatante
761 2885 799 2934 se
822 2885 907 2933 aere
921 2861 961 2931 in
977 2861 1041 2932 illa
1060 2862 1194 2934 eadem
1217 2867 1295 2964 epi·

179 2971 180 2981 ¹
289 2981 385 3056 stola
420 2980 512 3078 (o),
548 2981 617 3052 sim
643 2975 863 3078 suspicatus
892 2983 1089 3068 Attamen,
1118 2983 1228 3078 quod
1251 2983 1296 3055 ad

290 3099 506 3174 submersos
519 3100 815 3186 attinet,eorum
826 3120 974 3168 memor
986 3087 1070 3194 iluae
1090 3098 1205 3193 aliter
1218 3101 1298 3192 alii,
1400 3095 1401 3104 '

289 3231 328 3291 et
357 3240 428 3324 ego
458 3213 690 3315 experiendo
722 3217 1008 3314 conspeximus,
1040 3213 1150 3288 tanto
1181 3220 1298 3318 magis

236 3431 238 3435 v
288 3331 435 3423 haere0,
462 3349 608 3430 quanto
635 3335 814 3406 attentius
834 3331 987 3404 alteram
1009 3333 1093 3432 lego
1121 3334 1298 3409 observu-

289 3448 432 3526 tionem
457 3450 512 3548 (3)
541 3472 655 3549 quem
678 3451 797 3548 priori
822 3449 872 3530 cl.
900 3449 1000 3542 idem
1025 3455 1084 3522 vir
1113 3456 1295 3529 continuo

330 3736 376 3818 (ι)
395 3735 559 3824 Οὶιωιιοᾱ.
579 3736 611 3810 8,
625 3741 641 3810 ς
655 3753 683 3794 2.

330 3835 375 3912 (u)
395 3837 434 3894 N.
453 3835 501 3894 38.
539 3871 541 3875 ν

330 3930 373 4013 (3)
396 3933 471 3992 Sub.
485 3953 516 3992 ιι.
529 3955 558 4010 9.
