2836 4648
256 381 329 470 684
425 405 472 452 ne
497 401 645 457 sumnus
668 403 714 450 rr
738 401 862 452 causis
887 403 1099 454 moerorum

259 522 361 592 riore
376 505 573 590 ¹cadavere
594 516 738 589 dictum
761 533 825 590 est.
854 517 926 590 Sed
958 520 998 590 in
1023 518 1098 592 hoc
1116 535 1266 618 partem

255 637 372 738 ullam
400 637 510 708 aliam
540 635 803 710 demonstrare
830 660 909 707 non
939 639 1200 734 perreximus,
1219 639 1269 712 ad

255 755 451 829 thoracem
469 754 571 827 enim
585 751 715 826 fuisset
735 751 1030 842 transeundum,
1049 756 1117 852 qui
1129 771 1173 827 ut
1186 781 1268 828 sus-

255 875 370 976 picati
392 897 556 960 eramus,
576 887 614 944 et
634 871 702 970 qui
721 886 926 970 antequam
943 871 1092 944 tumulo
1110 874 1267 946 manda·

255 1006 376 1078 retur,
396 989 520 1064 obiter
536 989 723 1088 inspicere
743 988 967 1078 voluerunt,
988 990 1103 1089 plane
1126 989 1267 1065 confir-

256 1125 425 1200 marunt,
444 1109 646 1208 pulmones
658 1105 876 1185 continebat
892 1105 1072 1198 fracidus,
1091 1125 1130 1183 et
1151 1112 1267 1208 putri-

258 1219 1270 1325 dam‚acgraveolentem,exipsiselfusam,materiam.
1342 1255 1345 1264 ·

308 1349 340 1419 8.
364 1342 530 1420 Cadaver
567 1357 745 1442 quartum
778 1357 816 1416 et
842 1343 1020 1442 quintum
1057 1341 1269 1444 utrumque

256 1465 461 1540 mulierum
479 1459 566 1552 fuit,
582 1485 665 1560 quae
686 1463 830 1534 interea
850 1460 1024 1536 obierant
1039 1463 1079 1536 in
1101 1489 1270 1538 nosoco-

257 1583 345 1656 mio.
360 1579 433 1653 Sed
442 1605 486 1654 ex
494 1576 795 1679 primaquaedam
806 1580 1072 1654 tantummodo
1081 1579 1274 1668 thoracis,

256 1714 295 1772 et
303 1699 444 1772 ventris
454 1699 493 1770 in
507 1697 742 1796 gymnasium
751 1695 862 1770 allata
872 1713 961 1793 sunt
977 1698 1134 1772 viscera.
1151 1697 1211 1787 Ab
1229 1724 1274 1770 ea

254 1817 500 1916 incipiamus.¹

306 1962 341 2034 9.
358 1939 465 2008 Anus
476 1957 521 2006 ex
530 1932 644 2006 ascite
663 1929 885 2006 decesserat
906 1931 1041 2006 Cordis
1056 1932 1272 2007 substantia

258 2069 338 2126 erat
354 2051 503 2160 pallida.
530 2055 611 2123 Ren
634 2039 783 2122 sinister
802 2051 928 2123 minor
949 2052 1129 2142 dexteru,
1149 2067 1190 2124 et
1206 2077 1273 2124 su

257 2168 413 2272 perficio
441 2168 491 2242 ob
518 2168 619 2242 leves
646 2191 860 2267 perpaucos
880 2172 994 2267 quasi
1021 2159 1146 2244 sulcos
1170 2197 1274 2242 non-

257 2289 356 2362 nihil
372 2285 568 2386 inaequali,
585 2285 682 2360 nihil
695 2301 821 2361 tamen
836 2289 938 2361 intus
954 2288 1090 2362 habuit
1100 2288 1210 2387 quod
1222 2289 1272 2364 ah

258 2422 401 2480 nature
425 2403 699 2478 consuetudine
719 2403 959 2506 discreparet.
979 2410 1081 2480 Dum
1096 2407 1203 2478 haec
1194 2433 1275 2480 ms·

258 2503 447 2626 picerem,
475 2520 742 2612 animadverti,
763 2547 836 2622 pro
865 2549 943 2596 una
966 2511 1081 2610 duas'
1100 2526 1204 2598 inter
1232 2549 1274 2598 se.

257 2644 468 2744 proximaS,
487 2657 601 2739 atque
617 2639 714 2712 adeo
729 2642 946 2740 contiguas,
964 2643 1029 2716 sed
1048 2668 1117 2717 suo
1140 2659 1273 2718 tamen

260 2761 424 2861 singulas
439 2757 585 2834 orificio
599 2757 823 2858 praeditasex
832 2776 937 2834 aorta
948 2763 1105 2834 existere
1115 2763 1274 2838 arterias

179 2909 184 2914 ’
260 2880 450 2968 coeliacas‚
469 2877 561 2952 duas
580 2901 737 2976 quoque
758 2879 1000 2978 spermaticas
1024 2903 1139 2952 venas
1154 2878 1203 2952 ab
1221 2881 1274 2952 si-

258 2997 381 3071 nistro
400 2993 686 3096 pampiniformi
708 3020 869 3096 corpore
895 2997 936 3067 in
953 2997 1079 3074 lateris
1096 2995 1270 3094 ejusdem

258 3139 394 3189 venam
418 3115 675 3214 emulgentem
697 3114 843 3206 redire,
868 3114 1100 3215 alteramque
1116 3131 1201 3188 tum
1221 3115 1270 3189 de

163 3213 167 3224 ⁸
257 3235 360 3311 binis
380 3231 452 3305 illis
471 3233 618 3305 arteriis
644 3247 725 3308 tum
749 3232 796 3306 de
808 3227 917 3308 binis
940 3233 1044 3311 hisce
1065 3235 1173 3307 venis
1188 3259 1271 3312 esse

259 3338 403 3463 altera
390 3351 590 3423 minorem
612 3349 684 3421 Sed
698 3349 779 3424 haee
795 3374 816 3421 a
831 3352 997 3426 variante
1008 3365 1152 3424 natura.
1168 3351 1271 3426 Illud

230 3537 232 3542 .
256 3459 349 3544 vero
371 3496 393 3541 a
409 3467 546 3544 morbo
564 3466 699 3565 quod
690 3495 729 3540 m
747 3466 857 3544 fundi
873 3471 972 3544 uteri
990 3494 1082 3544 cavo
1100 3445 1271 3546 exstabat

256 3589 305 3662 ad
330 3590 427 3661 latus
454 3586 638 3674 rotunda,
665 3585 772 3674 alba,
796 3584 917 3677 dura,
947 3586 1098 3660 modica
1117 3612 1270 3662 excres-

257 3707 391 3781 centia.
408 3713 546 3805 Aperta
563 3703 718 3778 demum
735 3706 858 3779 vesica
876 3703 1060 3795 urinaria,
1080 3729 1164 3805 quae
1184 3730 1270 3782 om·

255 3825 349 3898 nino
367 3837 447 3894 erat
467 3846 583 3912 sana,
612 3822 792 3920 conspexi
818 3820 973 3922 quidem
1004 3846 1168 3920 corpora
1203 3822 1270 3900 illa

258 3943 336 4020 duo
354 3958 438 4042 quae
450 3939 498 4022 ab
511 3940 727 4018 ureteribus
744 3939 1000 4056 descendunt,
1015 3941 1114 4019 inter
1127 3965 1167 4020 se
1184 3963 1268 4046 nou
