2746 4662
75 413 834 500 un.1v.rzuoarrscmmm„etcmrsr.
851 421 937 474 mn.
969 397 1034 500 1'57

35 533 189 627 b'erant,
211 553 307 638 post
343 539 496 636 longum
527 533 689 636 aliquod
712 535 949 612 intervallum
965 527 1038 608 uli-

35 681 144 750 quam
152 663 375 756 portionem
393 655 494 728 illius
514 661 669 754 pituita
692 677 842 754 gypseae
868 655 936 726 sub
955 670 1039 726 cute

34 777 224 843 existentis
239 771 422 870 liquidam
437 787 477 842 et
487 769 740 864 mullemfeci,
754 770 916 870 iudeque
931 770 1038 844 illam

35 888 154 978 (secta
164 891 267 980 cute)
281 894 462 961 ‘evacuavi
471 913 482 957 .·
499 887 605 986 quod
620 889 825 960 curationis
842 903 1041 961 tentameu

35 1006 207 1077 omittere
225 1004 288 1076 hic
307 999 433 1093 nolui3
450 985 621 1102 quamvis
640 1029 700 1076 me
718 1029 797 1076 non
816 1003 961 1102 fugeret
978 1005 1044 1102 (1)

36 1121 232 1193 calcariam
258 1122 551 1222 podagricorum
569 1117 763 1194 materiam
782 1119 829 1194 ab
848 1121 1042 1194 recentia-r

35 1237 133 1312 ribus
152 1239 241 1310 sola
258 1265 362 1337 aqua
378 1239 505 1311 calida
518 1237 631 1312 fuisse
644 1237 872 1330 resolutum,¹
887 1263 1040 1338 exemp-1
1141 1295 1147 1308 .

36 1369 104 1426 tam
114 1358 294 1455 quidem,
312 1373 356 1430 ut
372 1361 529 1457 opinor,
541 1357 706 1454 indeque
717 1381 822 1454 spem
840 1381 919 1430 esse
941 1355 1035 1429 cou-

38 1489 201 1571 eeptam‚
217 1471 319 1563 fore,
338 1469 391 1546 ¹ut
414 1475 518 1573 largo
540 1472 751 1572 crebroque
769 1471 908 1546 haustu
929 1498 1034 1574 aquae

37 1589 426 1682 ostracodermatum‚
475 1593 537 1662 cui
567 1589 657 1690 sapo
703 1587 853 1663 additus
887 1593 959 1680 sit,
994 1592 1035 1662 iu

38 1705 314 1782 arthriticorum
338 1709 428 1808 ipsis
447 1709 635 1806 juncturis
660 1708 892 1780 resolvatur:
920 1723 1034 1806 quam

38 1826 174 1896 utinam
199 1851 326 1925 spem,
345 1827 545 1924 justiorem
577 1823 760 1912 futuram,
790 1825 821 1896 si
849 1841 1033 1922 quantum

40 1939 127 2013 illius
139 1943 247 2041 aquae
265 1945 304 2012 in
326 1943 508 2032 vesicam,
527 1939 764 2014 tantumdem
783 1942 823 2010 iu
839 1942 1035 2038 juncturas

40 2053 206 2148 serretur,
227 2083 422 2132 successus
449 2057 726 2157 comprobaret.
758 2061 906 2130 Damus,
920 2060 1035 2158 igitur

40 2172 102 2244 illis
121 2195 221 2275 quos
238 2201 283 2248 ex
301 2175 549 2275 Sepulchreto
566 2175 835 2265 indicavimus,
852 2177 957 2273 juxta
975 2203 1036 2249 ar-

41 2291 163 2365 ticulos
182 2315 357 2391 quoque,
372 2291 497 2392 ¹neque
515 2293 555 2364 id
572 2288 685 2382 ram,
701 2292 924 2392 tophaceam
943 2319 1036 2366 con-

40 2409 107 2502 geri
120 2411 326 2482 materiam.
354 2413 438 2480 Imo
452 2409 610 2508 insuper
624 2407 818 2496 addimus,
837 2410 898 2481 vel
920 2409 1034 2510 longe

42 2521 80 2594 ab
97 2523 284 2616 articulis,
308 2527 404 2598 utin
424 2525 595 2598 mamillae
621 2541 769 2599 tumore
795 2525 991 2624 vidimus(
1016 2528 1032 2623 )

44 2645 202 2736 generosi
225 2644 317 2733 viri,
348 2644 455 2741 cujus
476 2645 607 2730 avum,
636 2657 672 2714 et
698 2655 842 2741 patrem
865 2643 1035 2718 arthritis

42 2759 125 2832 male
140 2759 344 2851 habuerat,
359 2784 430 2832 nec
444 2761 516 2859 ipsi
536 2759 694 2832 omnino
712 2775 942 2858 pepercerat.
959 2760 1032 2834 Sed

41 2897 107 2946 non
125 2893 326 2976 propterea
350 2873 446 2947 illud
468 2901 623 2974 quoque
641 2875 804 2974 probare
832 2896 1032 2974 possumus

42 2992 131 3086 quod
149 2992 341 3068 scribunt:
356 3017 443 3065 cum
463 2993 665 3092 ligamenta
683 2991 891 3092 capsularia
905 2995 1032 3086 accluf

43 3103 120 3181 daut
134 3109 380 3184 articulorum
405 3111 557 3200 caveas,
582 3135 746 3208 cumque
763 3109 872 3183 nulla
896 3105 943 3184 ad
963 3112 1030 3190 has

40 3233 252 3318 pateatvia,
269 3251 389 3325 neque
400 3253 501 3299 vena
523 3225 655 3326 aliqua
682 3227 765 3298 lroec
778 3228 869 3302 loca'
881 3231 1029 3321 subeat,

43 3362 109 3412 non
126 3369 238 3443 posse
258 3345 459 3418 humorem
482 3344 719 3417 arthriticum
736 3346 837 3417 iutra
856 3345 934 3417 haec
950 3373 1030 3446 per-

44 3452 125 3534 lerri.
146 3466 242 3535 Nam
252 3463 319 3533 viae
332 3461 409 3536 huc
429 3462 568 3536 eadem
586 3478 674 3535 suut
692 3485 775 3560 quae
794 3465 1028 3564 mucilagini,

42 3595 116 3650 cava
147 3578 394 3652 articulorum
425 3580 662 3664 lubricanti:
697 3581 805 3678 cujus
834 3567 1034 3680 glandulas

44 3754 1038 3791 -·———--—--—-------.

74 3856 112 3938 (1)
129 3863 197 3922 tid.
214 3869 230 3936 ς
245 3883 298 3937 11,
311 3864 427 3922 dissert.
441 3863 493 3922 cit.
507 3867 593 3944 epist.
606 3873 644 3937 ta
652 3905 663 3940 ,
677 3884 707 3922 a.
721 3883 767 3944 ις.

77 3956 115 4039 (²)
134 3963 225 4043 Epist.
240 3961 343 4043 ⁵0,n.
354 3962 393 4038 45
405 3963 494 4036 etia.
