2700 4660
296 427 367 506 aad
463 445 682 504 bassanus
706 453 898 504 arcanus
923 453 1133 504 unisonum

275 561 384 642 ibat?
406 571 460 638 Ex
491 593 570 666 quo
600 569 700 640 enim
726 566 788 638 hic
822 568 979 654 medicis
1002 571 1157 642 morbus
1182 573 1289 642 inno⁴

294 686 381 772 tuit,
406 685 486 756 aliis
507 685 616 756 aliam
628 683 820 781 placuisse:
831 687 1010 758 medendi
1028 691 1234 773 rationem,
1256 699 1290 756 et

295 826 378 898 quae
398 801 487 872 olim
512 779 722 897 placuerat,
741 815 876 898 postea
894 803 1027 876 iisdem
1043 806 1088 876 in
1105 806 1198 877 locis
1216 829 1287 875 esse

295 919 497 1004 desertam,
513 932 550 988 et
575 943 657 1016 quae
679 918 939 1016 displicuerat,
966 921 1222 1008 substitutam,
1246 921 1289 992 si·

224 1125 227 1138 .
294 1036 422 1132 quoin
440 1035 585 1123 ali0„in
596 1035 673 1106 hoo
691 1037 1164 1126 certe.morbo,11eminem
1180 1038 1288 1109 credo

293 1175 403 1250 posse
428 1153 622 1249 ignorare,
651 1169 694 1224 ut
714 1151 838 1250 siquid
865 1179 969 1228 nuuc
995 1157 1113 1252 magis
1139 1155 1288 1252 probes,

293 1287 357 1340 aut
374 1269 589 1365 improbes,
616 1272 827 1344 timendum
845 1272 893 1345 sit
914 1296 969 1344 ⁴ne
988 1271 1050 1344 alii
1073 1288 1207 1345 contra
1224 1274 1287 1362 im·

280 1386 473 1485 probent,
503 1402 575 1460 aut·
593 1387 758 1484 probent
784 1411 864 1462 nou
893 1389 1009 1460 modo
1041 1414 1087 1460 ex
1113 1391 1288 1487 posteris,

291 1529 423 1575 verum
452 1505 564 1576 etiam
589 1530 634 1576 ex
657 1505 702 1578 iis
723 1507 790 1602 qui
814 1531 917 1578 nuuc
949 1507 1100 1596 vivunt,
1124 1509 1164 1578 in
1193 1522 1287 1578 tanta

291 1625 562 1694 sententiarum
575 1624 823 1699 mutabilitate
839 1640 879 1700 ct
894 1624 1117 1698 diversitate.
1139 1629 1195 1698 De
1208 1625 1288 1696 duo

266 1725 363 1812 'bus
384 1722 486 1812 enim
522 1739 822 1814 celebratissimis
858 1739 1037 1816 adversus
1063 1741 1161 1814 hanc
1192 1743 1285 1814 luem

290 1857 451 1955 auxiliis,
465 1857 645 1946 decocto,
659 1874 700 1930 ut
715 1875 852 1937 vocant
867 1859 1057 1958 lignorum
1067 1875 1125 1948 ,et
1136 1858 1286 1956 hydrar-

291 2000 384 2073 gyro
398 1991 493 2072 quot
508 1976 637 2073 vigent
649 1975 774 2054 adhuc
787 1963 1038 2066 dissensiones
1055 1977 1070 2048 Ρ
1085 2002 1156 2050 nec
1171 1977 1285 2048 solum

292 2108 420 2180 utrum
449 2095 525 2162 utri
549 2094 595 2164 sit
621 2090 917 2189 praeferendum,
949 2094 1129 2199 sed‘cum
1160 2094 1287 2166 alteru-

291 2224 394 2282 trum
425 2209 652 2306 praetuleris,
674 2190 750 2306 oua
777 2211 852 2282 hoc
875 2211 1020 2284 ratione
1046 2211 1093 2307 sit
1117 2211 1289 2283 adhiben-

287 2327 395 2416 dum
430 2331 585 2424 Constat
618 2344 767 2416 autem,
793 2329 892 2400 inter
921 2329 1003 2425 ipsa
1028 2327 1144 2424 hujus
1172 2328 1287 2401 morbi

285 2445 396 2532 ,initia
420 2447 685 2534 mercuriales,
701 2469 793 2543 quas
814 2445 966 2533 dicunt,
992 2447 1234 2520 inunctiones
1251 2449 1285 2516 in

285 2585 402 2640 „usum
418 2561 695 2648 tructasfuisset
710 2563 847 2638 deinde
858 2589 949 2636 vero
959 2565 1004 2636 iis
1015 2565 1167 2662 praelata
1179 2568 1284 2664 liguo

286 2681 571 2770 rumdecocta,
593 2697 722 2780 postca
737 2683 968 2782 mercurium
983 2681 1212 2754 sumendum
1235 2684 1285 2754 da·

291 2813 399 2886 tum,
428 2824 500 2882 uec
519 2816 719 2896 propterea
739 2801 928 2898 lignorum
961 2799 1117 2872 decocta
1138 2804 1190 2872 ita
1208 2825 1285 2872 exo·

290 2913 439 3002 levisse,
464 2931 505 2986 ut
531 2919 569 2986 in
601 2915 825 3012 quibusdam
854 2907 1284 3014 praeserlim.ciltitatibus

288 3056 368 3118 uon
391 3035 664 3122 retinerentur3
679 3035 776 3120 imo,
792 3034 932 3128 rejecto
946 3058 1102 3131 prorsus
1116 3050 1282 3134 utroque

290 3152 468 3222 mercurii
495 3175 582 3237 usu,
604 3152 686 3247 ipsa
708 3149 889 3228 duntaxat
918 3166 1060 3224 servata
1086 3153 1284 3240 erant.,·do·
1341 3173 1342 3186 ¹

289 3291 368 3348 nec¹
385 3267 536 3347 tandem
569 3267 616 3344 ad
639 3268 857 3340 alterutram
885 3270 1069 3365 mercurii}
1085 3265 1282 3343 adhibendi
1341 3269 1342 3308 l

289 3385 475 3472 rationem
487 3439 497 3472 ,
510 3383 575 3453 ubi
587 3383 669 3454 lues
688 3386 835 3482 gravior
848 3385 1012 3461 decoctis
1025 3387 1282 3470 nonusderet,
1341 3433 1342 3482 t

289 3501 328 3571 in
345 3502 477 3574 iisdem
496 3501 707 3572 civitatibus
726 3502 888 3574 reditum
909 3518 973 3574 est.
1002 3505 1176 3592 Memini,
1203 3527 1280 3574 cum
1341 3517 1342 3596 ξ

265 3643 359 3716 ‘ego
374 3617 676 3696 adolescentulus
691 3621 899 3691 Bononiam
923 3601 1032 3716 petii,
1057 3644 1179 3716 usquo
1195 3619 1280 3692 adeo

283 3737 362 3833 jam
381 3735 572 3806 desertum
594 3751 798 3831 utrumque
818 3738 996 3810 mercurii
1020 3760 1146 3822 usum,
1165 3751 1206 3808 ut
1223 3761 1279 3806 au·
1341 3811 1342 3834 χ

286 3855 346 3924 nis
366 3855 460 3922 'octo
484 3877 580 3950 quos
602 3852 665 3922 'ibi
697 3852 890 3923 medicinae
917 3831 1041 3923 studio
1072 3851 1207 3940 tribui,
1237 3839 1278 3924 ne
1341 3865 1342 3912 ἰ

282 3995 403 4042 unum
431 3970 585 4068 quidem
603 3968 809 4041 audiverim
835 3969 1048 4074 medicum,
1076 3971 1216 4068 nedum
1236 3970 1276 4040 vi·
