2746 4662
286 377 353 450 168
448 403 495 450 nn
521 399 668 452 sumnus
691 401 736 448 ar
760 397 885 450 causis
910 397 1120 448 normann

281 537 417 612 parum
436 514 483 586 de
502 517 591 586 vino
609 513 730 586 bibit:
758 537 974 610 quanquam
992 513 1082 584 novi
1099 535 1170 610 ego
1187 511 1284 584 litte·

280 646 404 703 ratum
420 634 564 718 virum,
579 631 645 728 qui
665 630 731 702 diu
748 630 1004 728 multumque,
1023 654 1102 702 non
1119 653 1228 700 secus
1241 653 1282 700 ac

210 757 213 762 ’
279 745 414 837 irater,
428 746 625 820 arthritide
639 762 809 834 vexatus,
836 749 1040 846 omniaque
1060 746 1131 818 alia
1152 771 1281 844 exper-

280 881 362 952 tus,
380 867 418 936 in
436 863 571 961 hisque
597 887 765 936 annuum
792 889 864 962 pro
888 866 978 936 vino
1001 889 1106 962 aquae
1125 878 1282 962 potum,

277 981 375 1052 nihil
391 997 517 1052 tamen
538 979 780 1080 proficiebat,
807 983 885 1053 imo
907 981 1062 1070 debilis,
1078 1004 1280 1076 macerque

275 1095 410 1184 fiebat,
425 1097 549 1170 donec
563 1113 650 1170 ante
663 1123 769 1170 suam
787 1123 938 1196 parcam
950 1123 1096 1172 coenam
1110 1097 1280 1196 quotidie

276 1239 354 1288 una
367 1217 423 1287 uti
441 1217 555 1314 coepit
568 1242 613 1288 ex
629 1217 889 1314 melanogogis
908 1216 1033 1314 pilulis
1046 1215 1279 1312 Langelotti,

276 1331 380 1405 unde
399 1357 553 1407 mucosa
567 1332 662 1422 fere,
683 1359 754 1406 nec
775 1335 826 1404 ita
842 1334 978 1422 multa,
995 1331 1206 1429 dejiciebat.
1225 1332 1281 1402 Sic

277 1451 377 1524 enim
401 1452 534 1524 melius
563 1451 703 1526 habere
735 1449 941 1550 incipiens,
973 1450 1089 1522 domo
1118 1449 1279 1548 prodiit:

161 1635 165 1646 ,
276 1567 430 1666 vidique
464 1594 535 1666 ego
572 1585 702 1667 postea
735 1570 815 1641 sine
848 1570 1015 1666 scipione
1041 1565 1281 1638 incedentem

277 1683 389 1758 firmo
409 1711 554 1784 gressu,
580 1703 694 1784 atque
718 1686 915 1785 expedito,
939 1686 1179 1782 pristinoque
1193 1703 1282 1756 ‘cor-

272 1805 383 1902 »poris
405 1803 536 1878 habitu
557 1805 702 1902 paucis,
729 1803 1055 1889 benevalentem,
1080 1827 1159 1900 quo
1190 1813 1282 1874 tem·
1353 1820 1354 1844 ¹

277 1945 464 2018 poreuon
483 1923 555 1993 nisi
584 1922 720 2019 quinto
747 1921 902 2018 quoque
929 1919 990 1990 die
1014 1943 1128 1990 unam
1162 1945 1208 1991 ex
1240 1921 1283 1990 iis
1354 1916 1355 1940 ¹

276 2038 405 2138 pilulis
425 2039 606 2112 sumebat.
634 2043 767 2134 Neque
785 2036 943 2107 dubium
968 2052 1022 2108 est
1042 2038 1136 2134 quin
1151 2061 1283 2108 recen·
1356 2110 1357 2134 χ

279 2156 411 2228 tissimi
427 2155 622 2227 medicinae
639 2156 858 2250 scriptores,
878 2154 950 2226 nisi
969 2153 1027 2224 his
1044 2154 1179 2225 similia
1195 2171 1284 2227 nota
1357 2206 1358 2226 i

279 2269 467 2344 haberent
481 2271 671 2369 exempla,
693 2271 765 2370 ipsi
786 2295 941 2368 quoque
972 2295 1123 2342 omnem
1147 2272 1284 2344 arthri-
1358 2302 1359 2324 i

280 2389 363 2458 ticis
380 2387 557 2462 omuibus
587 2390 849 2487 purgationem
880 2401 1072 2460 vetarent:
1098 2391 1170 2485 ipsi
1193 2413 1285 2462 vero

280 2505 484 2605 pharmaca
510 2505 664 2604 quidem
688 2505 990 2598 vehementiora,
1018 2507 1226 2604 praesertim
1247 2509 1286 2580 in

281 2649 525 2723 paroxysmo‚
543 2651 622 2697 non
640 2624 824 2722 probant,
853 2625 1003 2696 mitiora
1017 2639 1143 2696 antem
1157 2626 1219 2698 vel
1240 2649 1285 2698 eo

280 2746 463 2833 instante,
479 2759 590 2842 atquc
606 2743 702 2814 adeo
723 2744 948 2840 incipiente,
966 2741 1174 2816 nedumad
1193 2745 1285 2817 alios

280 2859 541 2960 prohibendos
554 2885 817 2960 paroxysmos‚
833 2858 1112 2932 commendant.

331 3004 364 3077 7.
385 2982 441 3048 De
460 2977 567 3050 diaeta
577 3001 745 3074 quoque,
763 2993 805 3050 ut
814 2992 965 3064 vocant,
982 2978 1120 3068 lactea,
1140 2995 1285 3052 certum

280 3109 337 3168 est
365 3095 475 3166 etiam
501 3110 612 3191 atque
638 3096 750 3166 ctiam
769 3120 849 3170 esse
880 3094 1143 3194 cogitandum,
1163 3103 1285 3198 prius·

281 3236 395 3310 quam
416 3209 618 3284 arthriticis
639 3213 865 3310 imperetur3
890 3239 938 3288 ne
959 3211 1056 3284 forte
1085 3215 1285 3312 impuriori

280 3329 456 3426 corpori,
477 3341 542 3399 ant
564 3327 910 3427 hypochondriacis
929 3327 1193 3425 affectionibus
1216 3332 1285 3406 ob-

281 3448 414 3534 noxio,
433 3461 496 3517 aut
508 3446 689 3544 languido
703 3447 913 3520 ventriculo
929 3447 1050 3520 multo
1066 3447 1152 3544 plus
1169 3449 1285 3521 detri-

283 3565 402 3636 menti
414 3560 565 3650 afferat,
588 3590 701 3662 quam
719 3565 899 3636 utilitatis.
928 3565 1031 3655 Quin
1051 3565 1161 3636 etiam
1181 3567 1284 3639 utili·

281 3699 395 3756 tatem
413 3681 512 3757 hanc
528 3681 682 3754 brevem
708 3706 787 3754 esse
809 3697 846 3754 et
876 3679 1065 3778 fugacem,
1092 3683 1151 3755 vel
1178 3685 1284 3757 iniis

274 3801 348 3898 'qui
374 3801 430 3872 lac
449 3798 547 3870 hene
563 3798 699 3886 ferant,
720 3799 953 3898 scripserunt
972 3800 1110 3874 medici
1126 3802 1282 3876 nobilis·

278 3917 380 4008 simi,
396 3933 432 3992 et
450 3918 756 4017 quamprimum,
774 3943 819 3992 eo
835 3918 996 4022 omisSO,
1025 3916 1073 3995 ad
1101 3941 1281 3994 sanorum
