2732 4654
99 467 172 515 nm.
186 436 246 516 iv.
266 471 312 517 nn
324 469 461 517 nonnis
475 468 671 530 cornuae„
684 459 752 517 etc.
767 452 879 517 rrrsr.
896 468 969 515 nur.
999 469 1069 541 297

55 574 169 668 tass'e,
210 582 290 653 nisi
319 606 364 654 ex
396 595 526 653 nostra
555 581 829 679 descriptione,
860 605 946 678 pro,
967 595 1073 651 certo
1159 607 1162 622 ¹

56 719 295 795 cognoscere
313 723 393 768 non
413 700 608 797 potuisses.
642 698 754 792 Quod
777 700 808 771 si
826 698 920 770 illud
942 721 1071 781 exeo,

53 829 90 884 ut
108 813 296 905 videtur,
311 841 441 888 revera
454 816 649 904 acciderit,
664 815 769 914 quod
784 819 815 888 is
834 815 891 885 vir
908 827 995 918 post
1010 813 1070 886 de·

54 947 233 1002 voratum
273 948 501 1022 extractum,
528 933 648 1031 larga,
673 950 716 1006 ut
740 935 882 1019 caete-ri,
913 933 1071 1031 potione

54 1049 144 1134 seri,
165 1047 223 1119 ab
238 1050 468 1147 Hippocrate
492 1047 547 1146 (r)
566 1051 678 1120 etiam
698 1065 784 1148 post
802 1063 994 1120 veratrum
1010 1050 1071 1118 ni·
1139 1127 1140 1130 Ἴ

55 1189 162 1262 gnun
186 1167 399 1262 imperata,
419 1191 498 1237 non
527 1156 573 1238 sit
593 1192 699 1256 usuS,
721 1167 812 1238 hine
837 1189 991 1264 quoque
1007 1165 1071 1236 iila

61 1307 140 1377 quae
168 1308 290 1381 supra
310 1285 362 1380 (2)
382 1284 563 1373 diximus,
592 1285 639 1354 de
663 1285 736 1356 seri
756 1287 795 1354 in
823 1285 868 1355 iis
896 1285 962 1381 qui
988 1307 1075 1355 acre

56 1421 253 1474 venenum
286 1402 542 1498 sumpserint,
580 1403 760 1490 utilitate,
782 1399 1069 1474 confirmantur.

56 1515 182 1588 Fuisse
204 1517 335 1592 autem
361 1519 483 1588 virum
508 1517 554 1589 ad
584 1517 920 1592 inflammationem
943 1543 1012 1616 per
1030 1543 1071 1590 se

59 1630 535 1732 dispositumsneccopia,
555 1660 625 1706 nec
642 1637 860 1708 constitutio
878 1637 1073 1733 sanguinis

60 1753 289 1839 ostendunt,
305 1755 449 1850 quippe
461 1777 548 1824 cunr
559 1762 717 1850 paucus,
736 1770 773 1826 et
789 1753 927 1836 fluidus
944 1751 1069 1824 fuerit.

60 1869 192 1964 Neque
220 1871 322 1942 enim
349 1871 389 1939 in
416 1863 642 1968 quibusdam
672 1872 906 1969 negaverim,
933 1873 1070 1942 veneni

64 1980 273 2058 effectusa
311 1988 483 2084 corporis
514 1987 762 2086 dispositione
795 1989 944 2086 augeri,
981 2011 1069 2058 curn

62 2095 166 2174 facile
187 2127 411 2201 agnoscam,
435 2129 456 2189 a
475 2129 588 2202 prava
614 2107 694 2203 ipsa
719 2107 891 2204 corporis
908 2105 1069 2202 disposi-

64 2218 163 2292 tione
178 2223 374 2294 internum
391 2222 597 2320 aliquando
615 2248 726 2321 posse
743 2247 934 2296 venenum
953 2224 1068 2320 gigni.

114 2361 169 2434 17.
187 2344 234 2410 Et
251 2363 340 2411 sane
358 2354 503 2412 veteres
523 2364 676 2438 quoque
694 2341 829 2414 Medici
847 2340 902 2438 (3)
920 2339 1078 2411 eosdem'

60 2455 151 2550 fieri
172 2458 337 2548 affectus
362 2458 639 2556 agnoscebant,
669 2473 748 2548 eta
767 2455 917 2530 lethales
934 2465 1073 2529 ueneni

64 2577 239 2666 potione,
266 2589 303 2644 et
319 2601 344 2644 u
361 2582 551 2673 corruptio
572 2601 706 2676 nequae
724 2599 749 2646 a
768 2599 926 2673 corpore
946 2583 1071 2646 ortum

69 2686 222 2779 habeat,
234 2691 408 2765 videlicet
417 2717 533 2792 posse
549 2692 647 2803 hanc
665 2717 745 2764 esse
763 2692 857 2764 adeo
873 2691 1071 2764 vehemen·
1163 2711 1166 2716 ’

71 2818 159 2894 tem,
174 2825 218 2880 ut
230 2817 367 2882 veneni
381 2826 459 2882 tum
469 2809 711 2909 qualitatem,
727 2826 804 2880 tum
820 2815 918 2882 vires
933 2824 1067 2906 oequet.

68 2917 196 3022 Neque
209 2951 253 2998 ex
271 2928 433 3024 posteris
460 2929 632 3026 plerique
654 2927 836 3025 deinceps
851 2927 964 3000 aiieni
986 2925 1070 3000 fue-

69 3057 150 3114 runt
171 3043 219 3114 ab
236 3043 308 3116 hac
326 3045 520 3132 sententia.
541 3049 661 3138 Quam
680 3047 810 3120 nescio
823 3070 871 3116 an
886 3040 961 3118 ulla
978 3071 1069 3119 con·

69 3153 213 3234 firmare
229 3161 440 3234 evidentius
459 3165 594 3260 possit,
611 3187 724 3260 quam
740 3163 818 3234 haec
833 3163 1067 3254 observatio,

70 3298 214 3350 mecum
232 3279 322 3350 olim
342 3281 618 3354 communicata
639 3281 686 3352 ab
703 3287 721 3352 J
726 3307 849 3354 oanne
868 3284 1069 3354 Francisco

73 3395 275 3494 Cicognino
297 3397 562 3488 Foroliviensi,
583 3415 772 3501 spectato,
793 3399 884 3474 dum
902 3401 1069 3487 viveret,

76 3620 1066 3648 mum

106 3780 149 3859 (ι)
168 3722 333 3842 Ddintern.
350 3785 448 3844 effect.
464 3783 496 3844 ir.
512 3784 566 3857 46,
580 3784 662 3862 apud
673 3784 823 3844 Marineil.

106 3895 147 3971 (η)
167 3899 205 3956 u.
231 3918 276 3958 ιι.
448 3943 450 3947 .
664 3937 667 3943 Α

103 4009 143 4092 (3)
162 4012 233 4072 vid.
245 4015 312 4074 Gal.
327 4017 348 4074 t.
366 4015 404 4088 6,
417 4014 453 4074 de
464 4015 523 4074 loe.
535 4013 587 4074 aft‘.
601 4033 628 4074 c.
645 4011 675 4074 d.
