2782 4652
86 437 158 495 rm,
165 449 199 492 v.
212 445 575 494 nannouunrsnnmn.
585 443 892 494 sornuronmmsr.
902 445 1004 492 nulii.
1020 407 1106 519 47:3¹

83 562 228 634 duritie
244 561 466 656 pulmones,
481 557 905 655 sinistrumpraesertim,
915 560 1092 656 quiarcte

84 680 246 776 iusuper
265 674 611 774 spinaeadboerebat.
629 675 757 749 Cranii
772 672 913 762 fornix,
930 677 996 774 qui
1011 701 1090 749 nou

85 798 168 868 sine
193 796 230 865 vi
253 794 361 866 avelli
389 806 585 891 potuerat,
615 806 795 866 consueta
818 794 972 888 majori,
990 795 1093 868 intus
1161 789 1166 797 ’

83 929 166 986 erat
193 909 309 984 foveis
335 910 507 1009 pluribus
533 924 727 982 excavatus
756 911 794 981 in
823 934 905 982 osse
933 908 1090 1000 frontis,

83 1046 120 1102 et
141 1031 184 1102 iu
205 1030 323 1101 altero
344 1029 543 1126 sincipitis,
576 1027 655 1098 aliis
679 1027 834 1124 quidem
859 1029 1091 1118 minoribus,

82 1147 149 1220 sed
164 1127 431 1248 grandioribus
460 1144 580 1218 tribus
600 1159 637 1216 et
652 1143 979 1242 profundioribus,
997 1173 1093 1246 quo-

82 1291 167 1336 rum
186 1265 268 1336 duae
287 1263 335 1335 ad
355 1288 398 1336 os
413 1262 526 1358 illud,
546 1262 689 1362 reliqna
706 1261 754 1334 ad
777 1263 852 1342 hoc
867 1265 1099 1362 spectabat,

81 1407 205 1480 eaque
227 1405 303 1452 non
325 1379 458 1467 modu,
486 1393 528 1458 ut
545 1380 633 1458 illae,
656 1363 817 1452 citerius
836 1381 981 1456 lamella
998 1382 1091 1456 dun-

81 1513 184 1600 taxat
198 1499 315 1588 tenui,
325 1496 390 1569 sed
404 1497 508 1568 tenui
518 1495 614 1568 adeo
632 1496 884 1592 operiebatur,
895 1513 936 1570 ut
947 1497 1092 1570 forami·

81 1616 184 1688 nolis
198 1616 325 1713 pervia
345 1629 558 1712 appareret.
585 1613 693 1684 Unde
711 1615 902 1713 intelligis,
921 1619 1092 1691 cranium

81 1733 178 1804 illud
196 1757 311 1830 quam
331 1730 458 1815 facile,
493 1747 530 1802 et
561 1746 703 1828 quanto
732 1726 818 1802 cum
843 1733 1012 1829 periculo
1041 1734 1089 1806 ab

82 1848 234 1922 levibus
247 1849 357 1920 etiam
369 1848 526 1934 ictibus,
545 1847 685 1940 nedum
701 1873 722 1918 a
739 1849 926 1946 chirurgis
940 1850 1088 1922 terebra

80 1966 174 2040 illuc
192 1967 288 2040 forte
306 1966 478 2054 admota,
497 1965 899 2064 pertundipotuisset,
916 1991 1001 2038 cum
1016 1967 1088 2040 sub

83 2108 125 2154 ea
144 2083 282 2159 lamina
298 2099 421 2158 essent
432 2084 493 2154 vix
509 2107 637 2181 paucae
646 2082 819 2180 quasdam
835 2082 937 2159 librae
956 2109 1089 2170 osseae,

81 2202 120 2270 in
143 2203 294 2274 reticuli
312 2202 467 2274 modum
489 2200 695 2298 dispositae,-
715 2199 941 2298 quibuscum
967 2227 1089 2279 crasso

81 2321 257 2406 menius,
273 2315 406 2392 [oveas.
417 2319 497 2392 illas
519 2317 777 2407 conveniens,
808 2319 1089 2418 implicabatur,

80 2435 189 2506 unde
208 2435 270 2508 illa
294 2438 333 2506 in·
362 2435 558 2510 avellendo
583 2436 712 2507 uranio
737 2438 859 2532 major
888 2433 1089 2514 difficultas

78 2567 169 2628 orta
195 2567 282 2624 erat.
311 2556 500 2642 Qnaeuon
532 2553 619 2624 ideo
644 2551 714 2624 tibi
740 2552 912 2626 describo
930 2553 1036 2654 quod
1070 2579 1091 2625 a

29 2687 31 2692 ·
79 2691 290 2765 praegresso
326 2666 487 2754 morbo,
519 2670 624 2764 cujus
653 2668 716 2740 hic
750 2670 897 2740 nullum
929 2695 1088 2768 usquam

80 2785 309 2880 occurrebat
351 2784 555 2872 indicium,
587 2787 713 2878 potius
749 2811 863 2882 quam
897 2812 918 2858 a
957 2804 1114 2863 naturas

82 2901 200 2976 fuisse
224 2903 470 2989 crediderim,
501 2927 633 2976 eorum
664 2901 806 2976 oblitus
827 2929 910 3001 quae
929 2905 1017 2978 alias
1033 2907 1086 3003 (1)
1123 2967 1139 2996 ,h

87 3021 133 3092 ad
152 3037 188 3094 te
202 3021 393 3108 scribens,
412 3021 459 3090 de
476 3018 535 3090 his
552 3017 669 3092 foveis
680 3021 801 3118 attigi,
819 3021 884 3093 sed
895 3023 1000 3120 quod
1011 3040 1090 3096 tum

83 3137 302 3233 grandiores
327 3153 453 3225 erant,
482 3152 561 3208 tum
578 3138 721 3229 nullae
742 3138 921 3236 subjectis
941 3143 1089 3239 meniu-

82 3255 192 3350 gibus
211 3255 380 3328 exstabat
393 3253 680 3352 protuberantia
700 3281 743 3327 ex
756 3259 990 3356 corpusculis
1006 3285 1089 3357 quae

81 3373 1086 3473 Paccbiouiglandulaedicebantur,quorumueunum

83 3493 236 3586 quidem
261 3493 323 3564 hic
350 3491 436 3578 fuit,
455 3489 645 3588 confecta,
672 3494 883 3591 cujusmodi
906 3495 1088 3593 protube-

82 3612 225 3695 rantiae,
245 3625 286 3681 ut
302 3626 392 3681 tunc
412 3609 459 3680 ad
470 3625 506 3682 te
519 3612 667 3709 scripsi,
688 3612 811 3702 solent
827 3589 968 3708 alioqui
985 3612 1103 3683 iutra*

195 3911 198 3916 .
280 3851 301 3920 ,l

122 3976 163 4058 (1)
186 3983 279 4058 Epist.
299 3983 332 4053 8,
350 4003 380 4038 n.
398 3985 425 4038 l.

96 4065 108 4086 Ι
