2858 4658
346 413 405 512 78.
511 433 726 488 assumens
752 435 795 484 ar
820 434 945 486 ctusts
971 433 1182 488 noasormn

347 551 682 624 monetColumbus
700 550 722 620 l.
748 576 776 622 1.
792 575 820 622 c.
839 578 883 640 25
900 552 971 624 hoc
985 577 1052 648 ego
1066 553 1142 624 vidi
1154 555 1193 624 iu
1204 551 1342 628 femore
1397 647 1398 654 ἵ

332 670 447 760 felis:
467 669 701 764 subjecitque
724 677 828 740 suam
851 667 932 740 lelis
954 669 1282 761 observationem,
1305 699 1344 744 ex
1394 727 1398 760 ,

346 812 426 886 quo
442 786 572 882 junior
596 807 616 853 a
642 785 678 854 vi
697 800 851 857 externa
876 811 1026 885 semper
1050 788 1342 878 claudicaverat,

345 904 493 976 creditae
510 903 738 974 luxationem
759 928 895 1001 passae,
912 907 952 976 in
970 931 1046 1001 qua
1060 921 1185 978 tamen
1206 907 1343 980 dissec-

345 1037 405 1110 ta,
428 1046 506 1091 non
534 1020 700 1090 luxatum
722 1019 868 1110 lemur,
895 1021 962 1094 sed
988 1021 1143 1096 femoris
1163 1028 1344 1098 cervicem

345 1137 498 1210 fractam
520 1138 685 1224 invenit,
705 1141 859 1211 cervicis
879 1142 998 1237 capite
1011 1142 1050 1211 iu
1066 1166 1135 1214 suo
1149 1143 1342 1216 acetabulo
1397 1179 1399 1186 ¹

344 1259 538 1329 etiamtum
559 1255 734 1328 haerente.
756 1262 817 1327 Et'
836 1259 1019 1330 continuo
1039 1283 1165 1332 causas
1183 1260 1342 1351 addidit,
1397 1279 1399 1304 ³

344 1399 411 1448 cur
437 1373 619 1445 humerus
640 1371 746 1445 facile
772 1375 943 1462 luxetur,
971 1374 1092 1449 femur
1121 1375 1342 1463 difficulter;

343 1516 503 1590 quarum
534 1494 654 1590 prima
678 1507 749 1576 est,
769 1498 859 1589 quia
885 1491 948 1564 tlte
968 1493 1118 1590 quidem
1145 1511 1251 1566 caret
1274 1497 1342 1568 lzoc

343 1611 543 1706 ligamento
565 1624 705 1695 terete,
724 1611 796 1680 hoc
810 1625 936 1680 autem
953 1611 1089 1682 babet:
1107 1611 1241 1698 altera,
1255 1617 1341 1711 quia
1398 1649 1399 1660 κ

342 1727 456 1824 hujus
481 1726 719 1798 acetabulum
741 1728 905 1798 strictius
925 1744 999 1812 est,
1035 1743 1072 1800 et
1097 1728 1342 1826 profundius,

343 1846 452 1917 tertia
473 1845 563 1941 quia
590 1844 757 1940 ejusdem
788 1845 965 1940 junctura
984 1844 1217 1918 firmioribus
1244 1872 1344 1920 mus·
1398 1895 1399 1898 =

269 1986 272 1992 ·
342 1961 437 2036 culis
476 1963 659 2060 cingitur,
694 1977 806 2058 atque
844 1963 1054 2034 instruitur.
1091 1966 1182 2054 Quae
1213 1991 1343 2038 omnes
1398 1977 1399 2006 ³

342 2106 460 2153 causae
491 2105 595 2151 nunc
627 2086 738 2151 etiam
764 2077 926 2176 proferri
953 2080 1100 2152 solent:
1124 2107 1342 2181 quanquam
1397 2095 1399 2136 l

339 2195 774 2270 RolfinciusHoflmanni
799 2196 1104 2270 observationem
1125 2200 1341 2298 descripsit,

339 2317 554 2389 easomisit:
573 2314 611 2385 id
623 2313 727 2412 quod
748 2316 859 2385 etiam
879 2339 924 2387 ex
947 2315 1197 2413 Sepulchreto
1217 2319 1274 2416 (5)
1292 2321 1342 2390 iu·
1397 2367 1398 2372 κ

333 2417 499 2531 ¹telliges,
519 2433 646 2505 omnia
667 2457 748 2529 quaa
770 2430 976 2534 Rollinoius
1000 2432 1069 2504 hac
1094 2434 1140 2505 de
1167 2460 1208 2506 re
1229 2435 1344 2508 habet
1397 2451 1398 2456 ’

339 2550 558 2638 exhibente,
577 2550 650 2623 uisi
678 2549 784 2646 quod
804 2548 881 2619 haec
903 2564 1029 2621 tamen
1050 2551 1166 2621 verba
1189 2569 1342 2650 praeter·

338 2669 472 2758 mittit,
490 2669 589 2740 inter
608 2665 813 2746 scholium,
832 2681 869 2737 et
887 2664 1104 2738 Hoffmanni
1118 2669 1343 2742 observatio·
1397 2725 1398 2728 η

337 2783 718 2881 neminterjicieuda:
742 2783 930 2854 multoties
948 2801 1112 2856 erratum
1137 2793 1267 2882 ingens
1283 2789 1341 2859 lul:
1397 2809 1398 2846 1

336 2899 1339 2994 observavimus,etsimt'leadnotatumabHoffmannO.
1397 2959 1398 2966 κ

336 3025 437 3092 Num
459 3034 585 3090 autem
611 3033 783 3088 mortuos
810 3018 972 3090 secando
995 3019 1269 3106 observaverit,
1294 3049 1341 3094 au

335 3141 441 3210 vivos
464 3135 677 3234 tangendO,
701 3135 743 3204 ut
769 3136 809 3204 in
833 3135 948 3206 altera
978 3137 1111 3208 scholii
1128 3154 1234 3235 parte
1253 3136 1340 3210 Die-

336 3253 634 3341 merbroeckius,
654 3255 734 3351 ipse
762 3253 999 3325 existimabis
1030 3259 1138 3328 Certe
1163 3249 1270 3328 Parei
1301 3261 1339 3328 in

336 3390 509 3445 matrona
561 3373 623 3442 illa
664 3370 1028 3444 animadversionem
1068 3387 1104 3443 et
1150 3375 1339 3445 monitum

335 3517 450 3563 nemo
475 3491 613 3561 horum
645 3491 877 3562 memoravit.
903 3488 1014 3561 Aliud
1033 3491 1133 3562 enim
1159 3492 1338 3589 estquod

335 3611 466 3682 nescio
489 3636 533 3681 ex
553 3635 629 3706 quo
648 3611 753 3680 Parei
773 3609 894 3706 capite
915 3608 1094 3706 produxit
1114 3608 1340 3699 Rolfmcius,

373 3981 419 4063 (1)
441 3983 518 4044 Sect.
535 3977 591 4041 hac
605 3982 639 4058 6,
657 3983 769 4054 obse,
786 4001 853 4038 cum
866 3981 958 4040 schol.
