2858 4658
302 405 351 492 44
466 411 521 476 nr·
538 423 684 476 eronus
707 425 752 473 rr
777 422 901 474 cauus
926 418 1137 472 nonnosum
1263 441 1266 448 ·

297 519 553 639 personabat,
575 539 684 612 sicuti
707 539 901 611 memoria
917 537 1071 620 tradidit
1086 535 1227 608 Plinius
1238 529 1331 633 (1).

305 657 399 726 Nam
414 655 519 753 quod
537 655 592 726 illi
609 635 773 742 addunt,
788 662 821 728 si
835 653 932 754 quid
942 657 1033 728 boni
1043 679 1112 753 per
1129 679 1172 728 ea
1187 651 1327 726 medi-

307 787 478 844 camenta
500 778 711 869 praestitum
717 775 818 866 fuit,
837 772 880 844 td
889 777 1022 873 potius
1034 771 1119 844 alia
1131 769 1328 842 admixtis

309 887 618 986 ingredientibus,
635 904 673 962 et
680 893 904 988 conjunctim
919 887 1017 962 dctis
1035 887 1329 962 medicamentis

311 1010 350 1076 ia
365 1011 527 1104 acceptis
542 1008 676 1098 referri
690 1005 942 1095 debuisse;·ut
961 1006 1008 1080 de
1026 1008 1103 1092 suis
1124 1005 1200 1077 illis
1219 1027 1330 1103 prae-

312 1123 449 1220 paratis
460 1143 592 1194 verum
609 1121 741 1212 fuerit,
760 1123 807 1196 de
823 1124 962 1222 viperis
978 1138 1080 1206 certe
1096 1145 1191 1221 quas
1207 1126 1330 1194 Musa

313 1238 478 1312 edendas
492 1239 623 1330 dabat,
637 1265 727 1330 nec,
738 1239 842 1339 quod
854 1243 1035 1330 sciamus,
1047 1240 1222 1346 remediis
1236 1237 1332 1312 aliis

315 1358 547 1446 commissas,
579 1383 628 1430 ne
657 1360 934 1457 suspicaturum
967 1358 1120 1456 quidem
1152 1379 1232 1430 esse
1260 1370 1331 1446 te,

314 1473 494 1563 arbitror,
512 1491 554 1548 ut
568 1479 694 1574 neque
707 1475 754 1549 de
772 1476 844 1549 illis
856 1481 969 1574 piscis
982 1481 1021 1546 in
1039 1474 1191 1547 modum
1200 1497 1333 1573 para·

318 1596 382 1681 tis,
396 1591 533 1690 quibus
547 1594 648 1666 vesci
665 1595 844 1668 miserum
859 1617 1030 1680 servum,
1046 1617 1089 1664 ea
1105 1593 1253 1664 ratione
1273 1589 1333 1662 ab

318 1733 358 1782 se
373 1725 564 1799 curatum,
580 1713 742 1808 jusserat
764 1736 925 1809 magnus
951 1694 1051 1783 inter
1069 1715 1218 1783 Graecos
1241 1732 1334 1780 me-

320 1826 428 1900 dicus
447 1833 643 1919 Craterus,
669 1855 785 1927 aquo
809 1833 955 1902 Musam
978 1828 1017 1900 id
1035 1825 1197 1927 praesidii
1225 1825 1337 1897 didi-

322 1945 439 2036 cisse,
469 1948 623 2043 oonjicit
643 1947 915 2020 eruditissimus
945 1945 1115 2018 Meadius
1145 1944 1227 2041 (a),
1253 1967 1334 2016 nec

322 2087 418 2160 quas
437 2047 593 2163 eximius
611 2065 705 2138 alter
720 2064 889 2138 medicus
904 2067 1069 2135 Aretaeus
1088 2061 1143 2160 (3)
1159 2068 1197 2132 in
1216 2083 1335 2146 coena

323 2182 482 2252 obsonio
501 2181 620 2254 dabat
628 2197 665 2254 et
675 2184 755 2280 ipse
775 2197 899 2254 coctas
914 2196 951 2252 et
962 2179 1132 2252 conditas
1142 2177 1336 2278 perinde,

324 2321 371 2368 ac
387 2302 531 2395 pisces,
556 2298 595 2370 id
616 2313 671 2371 est
690 2298 769 2370 sale
787 2315 825 2370 et
845 2297 945 2385 oleo,
961 2310 1004 2368 ut
1022 2293 1188 2394 proclive
1205 2307 1261 2366 est
1283 2317 1335 2366 ex

329 2415 449 2487 Coelio
470 2417 675 2488 Aureliano
700 2416 754 2512 (ΔΤ,
785 2415 1004 2514 intelligere.
1037 2413 1202 2485 Galenus
1229 2434 1336 2508 quo·

328 2555 404 2630 que
424 2531 478 2631 (5)
499 2534 609 2631 jussit
633 2535 847 2634 viperarum
872 2547 1091 2604 venatorem
1112 2529 1246 2602 iisdem
1275 2528 1339 2600 uti

201 2735 203 2744 y
325 2657 616 2750 praeparatitia
635 2651 733 2740 olla,
762 2648 1017 2749 anguillarum
1041 2653 1079 2718 in
1104 2645 1266 2720 rnodum.
1285 2650 1341 2718 At

315 2771 453 2859 enim,
477 2772 625 2867 inquis,
644 2794 722 2840 non
751 2768 811 2842 his
842 2767 930 2841 solis
947 2780 1167 2839 venatorem
1185 2787 1338 2838 sanasse

329 2900 494 2958 constat:
513 2884 650 2958 fatetur
663 2887 785 2972 enim,
804 2885 896 2982 quid
908 2899 1016 2958 antea
1028 2881 1168 2955 fecerit.
1186 2886 1337 2954 Verum

332 3003 379 3076 de
399 3002 548 3074 duobus
564 3003 636 3076 illis
647 3001 838 3101 prioribus
855 3002 1010 3075 medicis
1021 3001 1122 3074 idem
1133 3024 1213 3072 non
1229 2991 1341 3073 cous·

254 3115 256 3120 ’
332 3136 395 3194 tat.
411 3123 543 3219 Neque
559 3122 589 3192 si
604 3121 795 3217 sanguinis
812 3121 957 3209 missio,
981 3135 1143 3216 atraeque
1161 3116 1248 3189 hilis
1263 3139 1337 3215 per

331 3237 580 3337 pharmacum
597 3237 777 3310 detractio
790 3253 1007 3312 venatorem
1025 3247 1339 3333 sanassent3post
1409 3239 1411 3244 '

371 3561 417 3650 (ι)
434 3566 503 3622 Nat.
516 3565 629 3622 Histor.
643 3565 664 3621 1.
681 3565 735 3636 30,
751 3584 777 3623 o.
793 3563 840 3622 13.

373 3665 419 3744 (α)
439 3667 483 3722 De
495 3683 602 3722 venen.
616 3675 737 3722 tentam.
752 3683 778 3720 1.

375 3766 420 3844 (3)
441 3767 486 3822 De
499 3775 593 3824 curat.
612 3766 723 3822 tardor.
739 3761 875 3840 aegritud.
886 3761 906 3818 l.
922 3777 955 3832 a,
969 3777 996 3818 c.
1012 3759 1059 3819 13·
1102 3817 1104 3822 ,
1169 3797 1174 3804 -

368 3865 424 3944 (4)
442 3866 541 3923 Morb.
555 3866 660 3922 chron.
675 3867 694 3920 1.
711 3871 746 3936 a,
762 3883 788 3920 e.
801 3881 813 3918 r
826 3903 834 3934 ,
849 3879 929 3918 vers.
943 3858 996 3916 fin.

339 4005 343 4015 ·
372 3963 423 4047 (5)
441 3965 486 4025 De
498 3965 596 4042 simpl.
609 3963 765 4024 medicam.
779 3962 881 4021 facult.
895 3963 916 4020 1.
932 3979 985 4034 ιι,
996 3978 1022 4018 c.
1037 3977 1063 4018 x.
1151 3943 1154 3951 ’
