2836 4648
16 439 17 448 κ
113 416 220 464 [mv.
235 409 603 472 nunnornmsaonm.
619 411 741 460 suren.
758 385 869 461 rrlsr.
887 413 1014 462 nnvtu.
1041 393 1113 481 643

16 577 19 616 ,
111 528 191 607 lidae
212 541 257 601 et
285 527 456 600 sebaceae.
491 526 795 614 Eminentiorum
819 526 954 626 aliqui,
978 543 1018 600 ut
1047 528 1114 635 qui

21 710 23 719 ,
111 647 288 718 musculis
314 644 555 719 adhaerebant
577 642 852 742 pectoralibus,
885 671 1006 716 unum
1024 669 1116 721 cum

18 837 19 840 ,
110 763 323 862 axillaribus
360 761 546 862 glandulis
594 763 855 834 continuatum
889 787 1029 864 corpus
1063 763 1116 836 fa-

19 965 22 974 ,
108 883 269 969 cientes,
309 883 400 954 secti
434 878 605 954 subflavo
642 894 679 951 et
710 882 856 953 saniosa
883 885 1113 976 emiserunt.

16 1053 23 1098 5:
107 995 247 1072 Ventre
262 978 412 1098 apertu,
428 1012 623 1070 omentum
633 1021 747 1070 omne
761 1000 997 1098 corpusculis
1010 999 1114 1073 duris

103 1106 166 1186 hic
183 1116 262 1187 illic
276 1115 472 1188 obsessum
492 1114 684 1213 apparuit,
705 1115 860 1187 subalba
875 1117 938 1187 illa
960 1108 1114 1192 nrateria

21 1320 23 1332 Ι
104 1233 238 1330 plenis.
253 1239 382 1322 Jecur,
402 1234 622 1320 lien‚renes
635 1235 717 1331 ipsa
733 1232 887 1330 quidem
905 1229 1115 1307 secundum

16 1413 17 1416 ,
104 1365 278 1423 naturam
293 1377 331 1426 se
348 1349 557 1438 habebant,
578 1349 643 1422 sed
668 1353 766 1424 circa
790 1354 938 1449 singula
960 1351 1115 1434 fuerunt

103 1467 179 1540 baec
208 1469 399 1542 adnotata.
425 1470 611 1540 Jecinoris
639 1469 736 1566 parti
752 1467 922 1552 dexterae
945 1471 1116 1543 valenter

100 1611 291 1661 annexum
303 1603 382 1658 erat
393 1587 640 1687 peritonaeum
653 1611 660 1654 :
674 1585 778 1682 quod
791 1585 964 1684 pluribus
976 1589 1113 1684 deinde

16 1683 18 1697 ³
102 1705 193 1778 locis
209 1707 321 1804 'quasi
335 1729 456 1776 unum
470 1703 649 1801 idemque
663 1727 750 1774 cum
764 1705 914 1802 attiguis
931 1698 1120 1779 musculi!

16 1871 26 1920 'e
102 1819 261 1913 factum,
280 1825 447 1896 anterius
465 1821 705 1894 excrescebat
721 1823 761 1891 in
782 1846 920 1925 corpus
932 1825 992 1908 ovi
1006 1825 1113 1920 galli-

16 2025 25 2052 ω
102 1946 209 2014 nacei
226 1940 506 2044 magnitudine,
525 1939 630 2038 quod
648 1961 690 2010 ea
713 1963 788 2036 qua
801 1939 986 2029 diximus,
1002 1939 1114 2014 reler-
1164 2014 1165 2018 ,

100 2073 182 2130 tum
195 2047 368 2149 materia,
383 2083 470 2131 cum
484 2059 606 2130 vesica
619 2058 786 2129 urinaria
802 2059 1110 2130 connectebatur.

22 2161 24 2164 ⁵
101 2181 211 2250 Juxta
226 2171 397 2278 splenem
410 2201 504 2249 vero
516 2176 701 2248 mesocoli
718 2177 865 2280 sinistra
880 2183 966 2274 p'ars
980 2178 1019 2247 in
1036 2201 1114 2248 cor·

17 2365 20 2376 .
101 2318 174 2390 pus
184 2293 465 2372 intumescebat
481 2308 658 2367 constans
675 2319 721 2364 ex
739 2293 913 2392 pluribus
930 2292 1112 2393 colligatis

16 2509 17 2512 Ἴ
101 2414 209 2506 quasi
228 2409 1111 2501 oviscolumbinis,eademillamateriafarctis3

16 2549 17 2556 ¹
100 2524 242 2624 quibus
269 2546 306 2602 et
326 2551 510 2628 paucreas
538 2528 694 2628 plenum
714 2542 814 2600 erat:
831 2549 911 2626 per,
926 2533 1112 2600 mesente·

16 2695 17 2708 ,
101 2642 200 2713 rium
216 2661 341 2718 autem
355 2645 518 2742 disjectae
537 2645 724 2742 ejusmodi
743 2659 894 2717 strumae
909 2648 1113 2745 conspicie-

100 2755 250 2833 bantur.
267 2767 416 2836 Renum
431 2761 597 2860 denique
611 2761 765 2860 adiposa
780 2763 906 2834 tunica
920 2777 999 2834 erat
1010 2780 1113 2858 mons

22 2954 23 2963 ,
100 2889 266 2966 strosdm
282 2883 324 2954 iu
333 2879 490 2956 modum
506 2877 794 2970 crassiorfacta3
811 2905 896 2960 nam
913 2907 988 2980 qua
1005 2899 1111 2980 parte

19 2976 42 3082 s
99 2997 292 3072 vertebras
311 2998 524 3098 spectabat,
537 2997 721 3086 duorum,
736 3013 841 3096 parte
858 3014 983 3070 autem
999 3015 1112 3100 oppo-

101 3115 191 3204 sita,
223 3117 395 3214 quinque
419 3131 724 3188 transversorum
756 3113 964 3214 digitorum
986 3123 1113 3194 crassi·

100 3233 271 3307 tudinem
300 3233 563 3332 occupabat„
585 3237 739 3306 materia
776 3259 892 3334 quam
931 3235 1109 3329 diturum,

16 3433 19 3460 ἶ
99 3348 244 3450 ubique
281 3351 474 3429 distenta:
506 3367 787 3452 proptereaque
816 3377 899 3427 rem
943 3357 1120 3444 sinister(

16 3461 18 3476 ’
100 3470 304 3540 accedente
326 3472 436 3541 etiam
462 3469 557 3540 dura
587 3486 624 3540 et
646 3481 857 3558 ‘strumosa,
887 3497 970 3568 quae
1000 3489 1112 3545 mate-

16 3583 17 3590 ’
101 3585 195 3657 riam
231 3582 335 3658 illam
358 3587 630 3675 intersecabat,
657 3589 776 3677 linea,
800 3573 936 3686 xpondo
961 3588 1112 3674 luitur-

76 3705 246 3808 ⁴ciarum
277 3706 427 3808 circiter
458 3729 521 3777 sex
551 3719 589 3778 et
619 3707 783 3824 trigintp'.
821 3709 900 3778 Nec
937 3713 1027 3780 'vero
1057 3711 1114 3779 in·

100 3827 236 3896 testina
254 3821 391 3894 morbo
419 3822 616 3896 vacabant.
642 3817 829 3901 Nam'coli
847 3837 926 3895 tum
948 3825 1111 3926 adiposa

100 3942 350 4041 appendices,
366 3952 447 4012 tum
460 3941 780 4039 ligamentorum,
799 3965 868 4044 per
879 3941 1002 4039 ipsum
1021 3943 1110 4029 duc·
