2700 4660
51 420 114 467 nn.
126 416 386 474 tv.‚1>EMOmtts
401 414 580 464 emenso.
592 405 684 479 ,etc
698 413 811 482 nrrsr.
824 413 924 465 cvm.
954 387 1023 486 237

32 535 213 604 occultum
229 530 449 604 foventium.
476 529 590 623 Quod
608 531 639 603 si
657 529 718 600 bic
733 528 905 616 morbus,
924 531 1025 600 utin

32 653 214 748 Europam
232 653 459 746 importatus
475 663 554 733 est,
567 648 619 718 sic
633 646 785 718 taudem
806 647 1027 743 aliquande,
1083 729 1086 742 Ι

33 771 79 838 uti
91 769 265 866 sperabat
281 773 307 840 F
311 763 621 862 racastorius(1),
641 781 797 862 prorsus
814 763 1028 854 excederet,

33 911 96 956 nec
116 885 255 958 medici
281 910 337 956 eo·
358 898 529 980 tempore
558 881 732 966 deessent
762 883 829 978 qui
863 883 1029 979 maguis,

33 1002 90 1072 sed
103 1003 234 1098 justis,
262 1000 592 1083 lautlihusffornari
618 1016 791 1096 possent3
816 1001 876 1070 vix
890 980 1029 1072 'dubito

33 1121 116 1216 quin
133 1119 394 1216 Aponensium
414 1116 880 1205 thermarumcelebritm,
904 1118 1030 1188 immi·

32 1251 114 1308 nuta
133 1236 292 1333 quidem
309 1235 360 1306 ob
383 1235 473 1306 alias
495 1257 639 1320 causas,
661 1234 725 1306 s'ed
743 1235 945 1320 'obearum
964 1235 1030 1305 ad·

33 1353 213 1442 mirabiles
228 1351 424 1426 facultates
440 1369 636 1448 nunquam
656 1351 820 1441 sublata,
841 1352 1030 1450 longealia

35 1470 162 1542 iterum
175 1468 303 1558 fieret,-
320 1459 363 1546 ac
375 1469 510 1554 saeculo
527 1469 600 1552 boc
618 1469 807 1556 videmus,
827 1485 863 1540 et
875 1469 942 1540 diu
956 1467 1029 1540 for·

36 1602 122 1660 tasse
145 1589 262 1660 visuri
281 1611 438 1685 quoque
457 1589 731 1685 suntposteri,
756 1589 829 1666 nisi
846 1588 1030 1676 duorum,

38 1707 257 1800 quosnosti,
283 1707 493 1776 amicorum
515 1703 713 1802 singularis
734 1707 773 1774 in
791 1705 928 1776 borum
947 1703 1032 1778 fon-

37 1827 123 1894 tium
147 1841 281 1912 natura
305 1825 562 1924 perquirenda
584 1825 751 1914 solertia,
772 1827 811 1894 in
835 1823 1031 1898 effectibus

37 1958 153 2014 autem
177 1930 356 2015 accurate
392 1942 653 2032 observandiS,
690 1943 1032 2042 pervulgandisque

40 2059 235 2160 diligentia,
254 2059 378 2134 felicia
399 2061 575 2158 exempla
599 2077 685 2136 ante
706 2063 876 2166 omnium
899 2062 1032 2135 oculos

37 2178 305 2278 proponendo,
340 2181 447 2276 quasi
481 2203 578 2257 nova
616 2179 779 2276 quadam
813 2181 1033 2256 invitatione

39 2297 147 2368 multo
161 2297 365 2368 maximum
385 2321 571 2395 aegrorum
587 2322 789 2370 numerum
807 2297 853 2370 ad
874 2298 1032 2371 salutem

40 2410 92 2484 hie
110 2414 179 2500 sibi
196 2415 439 2511 querendam
455 2415 602 2501 allieiat.

84 2557 136 2628 19.
158 2535 270 2605 Nunc
288 2532 445 2628 quando
470 2558 530 2608 me
558 2534 638 2606 veri
658 2531 832 2612 ¹studium
865 2535 1031 2632 impulit,

41 2664 74 2720 ut
89 2649 276 2724 veteribus
293 2649 407 2745 hujus
424 2651 607 2748 gymnasii
623 2649 843 2732 doctoribus
861 2677 944 2748 quae
960 2677 1033 2724 res·

41 2766 198 2838 tituenda
233 2783 374 2855 essent,
403 2768 664 2856 ostenderem,
691 2769 761 2838 nec
792 2767 885 2838 illud
911 2769 1031 2856 silebo

43 2885 136 2979 quod
163 2885 210 2961 ad
236 2888 530 2968 controversiam
553 2887 707 2974 attinet,
738 2909 850 2984 supra
868 2885 922 2982 (2)
935 2887 1034 2958 indi-

42 3017 148 3074 catam
158 3052 172 3090 ,
193 3001 240 3072 de
254 3002 325 3074 luis
339 3029 506 3076 venereae
522 3005 686 3082 novitate
706 3003 807 3098 idem
825 3003 911 3074 illos
925 3005 1030 3100 quod
1062 3086 1064 3092 ¹
1120 3037 1128 3042 ·

42 3119 452 3217 pleriquedoctiorum,
464 3123 636 3209 sensisse,
650 3135 686 3191 et
704 3122 942 3218 Hippocrati,
958 3127 1032 3194 Ga·

43 3232 139 3326 leno,
155 3221 354 3334 glvicennae
369 3237 481 3312 fuisse
492 3241 691 3338 cognitam
709 3265 863 3336 negasse
878 3266 929 3312 eo
943 3267 1034 3339 ¹giut-

42 3353 125 3424 riori
139 3356 344 3462 apoterite,
362 3378 441 3452 quo
455 3360 572 3456 magis
595 3372 700 3431 erant
719 3357 909 3432 ineorum
928 3358 1033 3430 libris

43 3471 269 3570 perlegendis
285 3475 569 3571 versati„quem
581 3497 839 3576 successorum
857 3474 1035 3546 nonnulli

44 3588 184 3691 quibusa
193 3589 301 3686 aliter
318 3591 534 3682 risumest,
563 3593 601 3661 in
624 3591 1033 3690 hisqueeruditissimo

47 3767 1047 3796 ww*

78 3867 118 3948 (1)
136 3874 181 3930 De
190 3875 299 3960 'mo.rb.-
307 3871 460 3952 contag.l.
475 3894 506 3948 a,
521 3893 610 3936 c...12.·
637 3893 642 3930 t
671 3909 674 3918 .

82 3970 177 4048 l²lN·
202 3972 249 4032 15.
307 4051 319 4062 ..
397 3993 421 4055 ᾗ
