2858 4658
320 394 370 486 46
489 415 536 466 or
562 413 708 466 sarnus
731 415 776 462 rr
801 411 926 466 oausrs
950 411 1160 468 nonrorun

317 529 529 619 remedium
555 544 745 626 putasses,
773 553 817 600 ex
844 551 917 600 usu
945 543 985 602 et
1014 525 1128 602 fuisse
1158 544 1195 603 et
1226 515 1336 622 esse,

318 650 541 748 comperies.
554 649 629 736 Sic,
643 647 803 746 exempli
811 671 936 735 causa,
945 646 1335 746 Etmullerus(filium

320 768 426 855 dico,
443 781 661 864 quanquam
690 781 727 838 et
755 781 901 864 patrem
921 765 997 863 (1),
1028 781 1066 839 et
1095 769 1335 842 vetustiores

318 889 526 960 Germaniae
546 885 713 958 medicos
729 883 881 956 laudare
901 883 1093 982 possem),
1110 883 1248 958 diserte
1266 911 1339 958 re-

316 1002 389 1076 fert
408 1004 476 1099 (2),
493 1004 532 1074 in
550 1005 721 1102 proxima
742 1003 869 1074 Silesia
885 1001 1079 1105 decoctum
1104 1009 1336 1101 vipmarum

318 1127 356 1192 in
378 1123 467 1218 jure
489 1119 702 1217 gallinaceo
729 1119 784 1190 ad
810 1119 992 1192 hecticam
1026 1120 1269 1208 curandam,
1293 1134 1340 1193 et

317 1243 549 1336 impuritates
579 1242 771 1335 sanguinis
810 1235 1048 1337 lymphaeque
1084 1237 1338 1334 corrigendos

318 1371 465 1428 tantum
488 1380 565 1428 non
593 1357 730 1453 ubique
751 1353 1020 1426 interditione
1050 1353 1234 1426 adhiberi.
1265 1356 1337 1428 Sic

318 1471 570 1549 Hoffmannus
588 1475 669 1572 ipse
684 1473 762 1570 (3),
777 1473 874 1570 ipse,
892 1473 1070 1569 inquam,
1088 1473 1335 1568 nequeenim

320 1615 471 1690 semper
484 1592 524 1662 in
538 1591 613 1662 hoc
626 1589 697 1664 sibi
715 1589 900 1677 constitit3
912 1588 980 1660 ubi
994 1590 1230 1660 curationem
1245 1613 1337 1663 exa·

319 1709 553 1806 minat,quae
563 1709 699 1780 illustri
708 1708 748 1776 in
759 1708 841 1778 viro
863 1705 1070 1795 ,asthmate
1087 1706 1335 1809 spasmodico

322 1825 537 1924 ethydrope
546 1825 754 1910 laborante,
769 1823 1047 1920 cujusquoque
1061 1823 1334 1918 dissentionem

205 1963 207 1966 ·
319 1944 520 2042 proponit,
554 1966 753 2040 perperam
771 1939 891 2014 fuerat
907 1943 1096 2031 instituta,
1115 1943 1242 2016 minus
1255 1967 1335 2041 op-

202 2099 204 2106 s
321 2077 530 2160 portunum
542 2062 697 2158 'quidem
716 2083 796 2130 non
811 2057 938 2130 laudat
951 2065 1197 2157 tempusquo
1222 2061 1334 2158 ‘vipe-

320 2203 448 2250 rarum
461 2194 498 2252 et
513 2178 651 2276 pulvis,
666 2191 703 2248 et
715 2177 866 2273 juscula
882 2175 969 2248 data
981 2172 1147 2248 fuerant:
1170 2177 1252 2274 ipsa
1263 2203 1335 2251 au-

259 2387 267 2399 “
320 2307 397 2368 tem
411 2294 595 2384 dilaudat;
611 2319 774 2392 namque
785 2296 1334 2392 orebraeonstatexperientia,

318 2415 468 2512 inquit,
482 2419 636 2510 apteras
652 2426 690 2484 et
711 2416 750 2482 in
771 2411 943 2509 pulvere,
963 2425 1001 2484 et
1017 2409 1170 2482 decocto
1195 2411 1333 2502 datas,

319 2535 495 2635 virtutem
515 2527 714 2629 possidere
730 2527 1104 2625 antespasmodicam,
1129 2553 1235 2600 aeres
1260 2531 1336 2602 Iru-

319 2667 442 2718 mores
451 2661 727 2744 attemperare,
746 2649 1076 2742 transpirationem
1085 2667 1333 2741 promovere,

307 2763 480 2860 ‘ideoque
490 2777 651 2834 massam
661 2767 906 2857 sanguineam
917 2761 969 2832 ab
982 2763 1153 2836 omnibus
1158 2785 1333 2860 purgare

318 2879 500 2952 sordibus.
514 2880 573 2950 Sic
591 2879 788 2977 Adolphus
809 2877 865 2976 (4)
883 2878 1041 2952 militem
1059 2881 1244 2978 proponit
1259 2884 1332 2980 qui

319 3023 342 3070 a
359 2993 645 3086 rmtlestissimo,
663 3011 701 3068 et
727 2995 905 3068 adversus
928 2996 1066 3070 auxilia
1086 2998 1214 3068 omnia
1229 3023 1332 3095 pen

319 3115 435 3202 tinaci
450 3115 571 3204 malo,
596 3119 815 3186 continuato
842 3112 1108 3202 remediorum,
1123 3121 1330 3213 viperino-

319 3258 402 3306 rum
418 3237 643 3332 proesertim,
663 3258 734 3304 usu
759 3232 939 3305 liberatus
961 3247 1024 3306 est.
1063 3233 1122 3304 Sic
1141 3231 1328 3332 denique,

361 3557 403 3640 (r)
425 3560 584 3618 Schrader.
596 3560 720 3619 dilnoid.
735 3561 772 3620 de
785 3559 907 3618 animal.
922 3561 959 3620 cl.
975 3580 1011 3635 r,
1031 3559 1086 3618 ubi
1099 3537 1278 3652 deyipera,
1295 3575 1327 3622 et

270 3701 274 3710 .
320 3659 402 3718 alibi.

359 3759 402 3842 (a)
422 3761 498 3837 Eph.
510 3761 548 3818 N.
562 3762 596 3818 C.
610 3773 686 3818 cent.
701 3782 716 3833 7
731 3753 760 3818 et
772 3761 800 3833 8,
814 3760 846 3818 in
857 3761 993 3836 Appeud.
1004 3779 1035 3826 n.
1045 3763 1105 3842 ult.

357 3861 402 3940 (3)
423 3863 557 3918 Consult.
572 3871 601 3918 et
614 3881 691 3937 resp.
705 3861 810 3919 medic.
823 3872 901 3918 cent.
918 3878 946 3931 15
961 3879 1020 3920 eas·
1031 3861 1082 3940 93.

356 3959 400 4042 (4)
421 3963 488 4020 Aet.
505 3962 543 4020 Ν.
560 3963 593 4018 C.
608 3971 680 4016 torn.
693 3979 732 4059 p,
750 3960 814 4018 obs.
835 3958 907 4044 ²5⁸3·
