2700 4660
78 471 146 517 ω.
162 470 211 517 1v.
230 469 276 518 nn
288 467 423 516 uonrrs
435 468 630 532 enmono,
649 458 718 516 etc.
731 447 931 517 ansuini.
961 445 1031 544 267

20 574 212 660 'vomitum
235 585 380 686 potiuS,
401 607 515 680 quam
536 583 811 691 dejectionem,
842 609 1035 657 moverem

36 729 75 775 eo
86 703 273 791 remedio,
291 701 397 800 quod
415 701 541 800 siquid
558 699 653 774 forte
672 700 910 774 erodentium
926 703 1038 800 parti·

36 823 199 892 cularum
218 821 408 920 reliquum
424 835 543 910 esset,
565 821 675 892 simul
691 819 919 908 irretiendo,
942 820 1037 918 obli·¹

35 940 250 1037 niendoque
262 938 441 1038 prodesse
459 954 596 1037 posset.
616 943 757 1010 Verum
771 963 859 1010 cum
870 940 1035 1010 vomitus

35 1083 78 1129 ne
94 1057 219 1156 digitis
247 1057 401 1154 quidem
427 1057 592 1155 penitius
614 1058 652 1127 in
669 1081 713 1147 ,os
740 1057 889 1128 insertis
907 1081 1036 1128 conse·¹

36 1191 227 1274 queretur3
248 1175 351 1247 alvus
370 1175 491 1246 soluta
510 1189 585 1262 est,
619 1199 827 1271 sensusque
856 1172 1037 1274 ponderis

37 1295 189 1364 omnino
214 1292 391 1365 sublatus.
422 1293 491 1364 Cui
524 1291 662 1363 deinde
694 1293 838 1389 optime
862 1289 1036 1377 habenti,

37 1411 124 1482 nihil
154 1413 225 1482 nisi
260 1411 384 1509 pultes
418 1435 462 1482 ex
493 1436 626 1508 oryza,
652 1426 689 1483 et
716 1411 812 1484 lacte
841 1387 1037 1482 cominen-

38 1527 124 1598 davi.
147 1531 248 1618 Quas
270 1545 306 1600 et
329 1529 485 1627 reliquis
508 1528 658 1602 duobus
682 1528 770 1601 dedi
797 1554 910 1600 coenae
932 1527 1048 1617 loco„

39 1670 116 1716 eum
132 1647 209 1744 jam
228 1646 370 1752 alargo
391 1648 464 1718 seri
484 1663 578 1746 potu
600 1645 767 1734 febrem,
791 1646 967 1742 sitimque
988 1645 1038 1716 le·

38 1763 197 1836 vissimas
229 1761 343 1838 factas
371 1789 450 1836 esse
475 1762 822 1836 animadverterem.
861 1767 944 1835 Nox
972 1787 1039 1861 op·

39 1881 120 1950 tima
134 1877 221 1971 fuit,
247 1896 288 1952 ut
306 1881 487 1980 postridie
516 1871 653 1954 mulier
668 1884 748 1954 sine
773 1879 896 1967 febre,
919 1881 1038 1952 aliove

41 2000 137 2068 omni
161 1999 407 2070 incommodo
423 2001 502 2097 jam
531 2017 650 2090 esset3
680 1998 867 2072 sacerdoti
892 2011 1038 2087 autem,

43 2113 274 2188 decrescente
308 2117 427 2216 magis
453 2099 648 2217 magisque
676 2133 713 2190 et
747 2114 871 2206 febre,
894 2131 931 2188 et
961 2116 1037 2204 siti,

42 2231 129 2302 nihil
154 2247 332 2330 praterea
348 2249 504 2308 restaret
523 2235 570 2306 de
588 2259 665 2332 quo
685 2249 930 2332 quereretur3
952 2257 1040 2306 nam

43 2365 74 2420 et
88 2375 215 2424 sensus
235 2353 275 2422 in
294 2351 502 2452 mingendo
517 2352 663 2426 ardoris
682 2355 749 2451 qni
764 2353 885 2452 pridie
901 2352 1041 2440 fuerat,

40 2465 109 2560 jam
125 2469 248 2550 nullus
262 2486 351 2564 erat.
368 2472 514 2562 Quibus
536 2472 605 2544 etsi
627 2487 709 2544 toto
731 2495 777 2542 eo
791 2471 870 2559 die,
893 2486 931 2544 et
944 2495 1041 2568 pro»-

43 2586 132 2658 xima
149 2603 279 2674 nocte,
298 2603 334 2693 et
349 2590 583 2686 insequentis
602 2589 679 2660 diei
695 2613 829 2686 magna
844 2603 952 2686 ¹parte
964 2612 1042 2658 om-

45 2703 98 2772 nia
123 2705 163 2774 in
187 2705 322 2776 melius
357 2705 411 2776 ire
438 2704 662 2804 pergebant,
694 2720 732 2776 et
764 2705 870 2775 alvus
894 2702 1041 2776 lubrica

45 2819 114 2892 sine
133 2822 213 2893 ullo
241 2821 388 2896 ardoris
410 2847 523 2894 sensu
551 2821 831 2920 respondebam
865 2845 944 2892 non
970 2841 1042 2920 ego

46 2923 163 3010 tamen
197 2939 327 3012 eadem
358 2938 448 3012 dare
486 2919 671 3039 intermisi
710 2965 791 3038 quae
825 2937 945 3012 biduo
976 2940 1042 3012 de·

47 3049 195 3140 deram„
232 3117 235 3123 .
588 3145 590 3148 ¹
1107 3144 1109 3150 Ι

88 3171 118 3240 8.
138 3177 234 3244 Ecce
255 3186 379 3244 autem
399 3173 554 3248 ineunte
579 3189 716 3272 quarto
733 3175 794 3249 die
815 3201 859 3248 ex
879 3200 957 3273 quo
975 3174 1043 3246 im·

47 3291 156 3370 manis
169 3289 232 3362 ille
247 3287 359 3363 dolor
373 3290 606 3364 sacerdotem
624 3289 895 3390 prehenderat,
911 3293 1042 3364 eadem
1129 3353 1132 3359 .

47 3406 296 3498 pomeridiana
310 3407 422 3496 hora,
436 3408 540 3488 nulla
559 3411 691 3505 praevia
704 3407 900 3482 manifesta
914 3429 1043 3495 causa,

25 3534 27 3542 ’
49 3520 89 3590 ad
112 3525 286 3604 eumdem
311 3525 472 3602 modum¹
488 3525 700 3624 prehendit.
720 3526 836 3600 Pedes
853 3528 960 3598 initio
978 3524 1044 3596 fri-

50 3638 196 3732 gabant,
212 3642 343 3740 pulsus
358 3642 534 3714 nonnihil
553 3635 889 3716 contrahebantur.
910 3646 1045 3716 Praeter

50 3751 228 3847 dolorem,
242 3759 527 3833 molestissimus
540 3776 619 3834 erat
638 3760 792 3860 quidam
812 3775 892 3854 toto
912 3773 1042 3831 ventre

51 3870 314 3972 inexplicabilis
339 3901 481 3974 angor,
506 3901 526 3946 a
547 3865 625 3973 qno
644 3877 816 3974 spiritum
840 3876 910 3946 sibi
930 3877 1047 3948 inten-

54 3990 118 4089 cipi
135 4015 229 4093 aeger
246 3995 500 4094 maximopere
520 3995 768 4094 querebatur,
788 4017 911 4091 eoque
932 3993 1050 4093 potis-
