2700 4660
299 393 372 468 flffi
440 415 487 464 DE
512 415 659 465 sumnus
683 417 728 464 ΕΤ
753 415 879 468 otusts
905 417 1116 472 MORBORUM

298 536 419 604 emori
445 529 583 632 dicarit.
610 535 773 622 Contra,
795 547 839 606 ut
865 535 1107 608 Scribonium
1130 537 1184 636 (1)
1213 557 1295 636 prae³

298 665 440 722 tercam
463 675 543 722 non
564 650 615 721 ita
633 648 794 724 obscure
811 650 1067 743 indicantem,
1094 657 1142 728 ab
1173 659 1293 754 coqui

283 767 598 866 ¹rhododaphnes
623 765 714 839 folia
738 767 785 840 ad
805 768 978 842 dentium
1005 772 1175 847 dolorem
1202 800 1294 846 man·
1335 823 1336 826 =

301 886 391 958 dere
412 885 595 972 voluerit,
619 884 772 956 salivam
801 909 880 958 non
903 913 982 988 esse
1003 889 1293 988 deglutiendam,

301 1004 466 1078 Galenus
483 1017 583 1076 certe
598 1003 654 1100 (a)
666 1001 887 1078 hominibus
898 1031 1076 1104 quoque,
1094 1033 1174 1078 non
1193 1007 1294 1078 modo

301 1121 493 1220 plerisque
529 1119 762 1218 pecudibus,
795 1123 1052 1220 perniciosum
1094 1150 1175 1198 esse
1207 1125 1294 1196 hunc

304 1237 499 1318 fruticem,
523 1237 661 1310 diserte
694 1238 835 1323 docuit.
869 1243 992 1332 Quem
1023 1246 1142 1316 secuti
1169 1243 1293 1317 Arabes

304 1355 443 1434 medici
472 1357 613 1454 quique
644 1359 848 1456 praecipui,
870 1385 969 1457 quos
989 1362 1158 1460 singulos
1178 1361 1226 1434 ab
1244 1365 1297 1432 Ar·

304 1476 432 1573 doymo
450 1476 505 1571 (3)
524 1474 733 1573 productos
752 1477 1123 1577 invenies,praesidia
1135 1480 1294 1552 adversus

304 1595 345 1668 id
360 1617 548 1670 venenum
560 1616 806 1691 proposuere.
826 1595 1071 1693 Signaautem
1083 1599 1165 1694 ejus
1174 1595 1295 1693 sumpti
1337 1646 1338 1684 3

307 1730 386 1788 tum
399 1711 446 1784 ab
466 1709 600 1784 eodem
618 1725 772 1786 auctore
794 1709 853 1812 (A)
871 1767 882 1802 ,
898 1729 980 1786 tum
999 1739 1021 1786 a
1045 1715 1242 1787 Matthiolo
1251 1709 1294 1808 (5)
1336 1764 1338 1768 .

305 1833 484 1930 collecta,
504 1829 581 1902 buc
595 1827 712 1900 ferme
729 1829 914 1928 redeunt,
937 1847 980 1904 ut
993 1831 1200 1906 vehemens
1216 1831 1294 1902 oria·
1337 1917 1338 1921 Ἰ

305 1969 367 2025 tur
393 1950 585 2049 angustia,
605 1949 831 2021 intumescat
860 1966 1014 2038 venter,
1042 1967 1080 2024 et
1111 1951 1252 2038 doleat,
1268 1961 1295 2017 et
1336 2018 1338 2034 Ι

305 2067 681 2158 fluat,inflammatio
695 2081 844 2138 creetur
855 2083 1043 2168 aestusque
1055 2071 1293 2144 universicor·
1337 2150 1338 2154 Ἰ

307 2189 430 2286 poris,
449 2185 623 2268 alienatio
642 2185 799 2274 mentis,
823 2209 1013 2284 syncope,
1037 2201 1074 2258 et
1099 2212 1203 2260 mors
1222 2181 1293 2271 sqb
1335 2269 1337 2273 v

307 2318 504 2402 sequatur;
520 2300 599 2374 haec
611 2315 755 2390 autem,
773 2303 860 2399 quia
881 2303 1161 2404 rhododapbne
1180 2316 1294 2404 praeter

307 2421 467 2498 modum
493 2417 703 2512 calefaciat,
732 2420 900 2519 itemque
927 2415 1088 2510 iricidat‚
1120 2421 1292 2502 mordeat,
1336 2470 1337 2474 ,

271 2543 273 2548 ’
304 2538 516 2626 exulceret,
538 2537 710 2610 resolvat.
745 2541 919 2630 Quorum
955 2541 1172 2638 signorum,
1202 2553 1294 2632 atque
1331 2607 1337 2627 ,x

272 2691 273 2694 ¹
307 2655 511 2750 effectuum
525 2677 613 2728 cum
629 2655 668 2726 in
688 2655 874 2754 descripta
890 2682 1004 2756 aegra,
1028 2660 1186 2757 ejusque
1205 2650 1293 2728 cada·
1331 2639 1332 2666 ³

307 2801 396 2848 vere
422 2775 483 2844 vix
513 2773 632 2844 ullum
665 2763 775 2846 ¹facile
794 2777 994 2872 agnoscas,
1025 2793 1158 2848 contra
1191 2788 1292 2846 autem
1336 2821 1337 2848 3

192 2939 199 2974 4
308 2888 406 2980 alio,
430 2906 544 2988 atque
576 2889 647 2962 alia
665 2889 789 2964 fuisse
813 2891 939 2964 videas
960 2919 970 2982 3
1002 2907 1039 2972 te
1070 2893 1186 2968 credo
1209 2889 1292 2960 idem

310 3009 414 3108 quod
435 3033 526 3106 ego,
554 3023 792 3114 optaturum,
827 3024 870 3080 ut
901 3013 1213 3110 quotiescumque
1235 3006 1290 3076 boc

308 3152 457 3200 veneno
478 3125 614 3223 'aliquis
632 3127 739 3198 laesus
756 3141 812 3198 est
826 3127 901 3200 sive
913 3129 1046 3226 priscis
1060 3125 1288 3228 temporibus,

310 3247 386 3322 sive
401 3253 555 3345 postea,
575 3257 706 3316 eorum
722 3268 804 3343 qum
814 3245 887 3344 ipsi
901 3245 1142 3336 acciderunt,
1158 3245 1290 3340 scriptas

1162 3430 1289 3464 ann-⁸¹⁶

416 3587 554 3661 Compos.
568 3587 647 3644 med.
663 3583 716 3656 55,
731 3605 799 3645 cum
808 3580 919 3644 Rhodii
931 3597 995 3646 not.

414 3687 459 3742 De
475 3687 570 3762 simpl.
589 3687 667 3742 med.
682 3685 785 3744 facult.
803 3688 823 3742 l.
843 3683 871 3744 8.

414 3787 459 3842 De
471 3806 577 3845 venen.
592 3789 613 3842 l.
629 3786 662 3858 3,
678 3805 703 3844 c.
719 3806 779 3850 ar..
882 3842 885 3849 ,

353 3986 388 4069 5)
410 3987 576 4046 comment.
586 3987 655 4084 inp.
672 4005 722 4059 η,
736 3986 788 4044 1.6
805 3983 975 4048 Dioscorid.
