2824 4652
292 499 361 576 Soa
476 525 524 575 nr
550 523 695 575 sumnus
720 527 766 574 ur
790 523 915 574 oausrs
940 525 1153 582 nonnosum

292 663 379 712 cum
397 663 489 718 ¹aere
511 641 646 737 agitata
668 641 708 710 in
737 637 1023 712 submersorum
1049 635 1295 737 pulmonibus
1386 636 1392 699 ἵ

288 757 430 847 oritur,
444 758 483 830 in
501 758 623 857 iisque
633 755 836 856 reperitur,
857 754 995 828 diserte
1012 756 1139 829 adhuc
1157 755 1214 854 (1)
1229 758 1314 845 aiat¹

218 961 225 978 κ
286 875 393 946 nulla
402 877 508 947 nobis
521 890 616 946 nota
634 887 717 946 arte
729 873 818 947 iude
835 895 945 974 posse
967 863 1124 975 depelli,
1143 860 1182 945 et
1199 877 1293 972 ejici,

282 991 351 1084 mi
370 992 493 1066 donec
505 991 701 1081 subsistat,
718 993 970 1064 necessarium
987 992 1185 1092 sanguinis
1201 1007 1296 1064 tran·

252 1121 260 1158 ¹
283 1109 397 1182 situm
420 1135 441 1182 a
465 1109 621 1182 dextero
642 1109 767 1182 cordis
787 1109 1001 1182 ventriculo
1021 1108 1072 1180 ad
1098 1110 1295 1180 sinistrum

281 1226 473 1324 impediat.
489 1226 601 1317 Quod
619 1239 724 1298 tanto
740 1228 858 1324 magis
875 1251 979 1298 nunc
991 1213 1081 1296 dicit
1088 1237 1294 1324 postquam
1396 1274 1397 1292 i

281 1367 331 1414 ne
346 1344 386 1412 in
404 1343 630 1417 violentiore
646 1343 802 1441 quidem
822 1329 1100 1416 electrisatione
1114 1343 1209 1418 satis
1218 1365 1294 1435 esse

282 1461 408 1532 auxilii
427 1476 602 1559 expertus
623 1475 688 1535 est.
708 1466 792 1560 Ipse
809 1475 965 1562 quoque'
984 1477 1114 1535 tamen
1135 1459 1292 1549 fatetur,

253 1607 257 1623 f
282 1601 436 1650 summae
453 1603 533 1653 esse
556 1577 892 1654 diffieuitatissuas
921 1603 1010 1652 cum
1032 1580 1225 1678 oppositis
1243 1593 1295 1652 tot

281 1695 565 1770 submersorum
581 1721 678 1795 quos
687 1721 746 1769 ars
759 1697 932 1770 excitavit
941 1714 955 1786 ,‘
962 1696 1294 1778 obsemrtionibus

168 1891 177 1910 ‚
280 1811 332 1884 ita
345 1817 619 1903 conciiiare,ut
630 1807 1054 1904 conciliatoris,³nedum
1067 1828 1294 1886 caeterorum

281 1929 431 2004 animus
459 1933 694 2030 acquiescat,
724 1919 941 2028 cujusmodi
974 1931 1120 2030 aliquas
1145 1931 1190 2002 in
1222 1932 1295 2004 suis

224 2091 226 2095 -
281 2049 485 2120 novissime
516 2047 627 2120 editis
647 2048 897 2147 Physiologiae
934 2037 1097 2120 humani
1122 2049 1296 2147 corporis

284 2165 490 2238 Elementis
509 2165 564 2265 (a)
584 2167 683 2238 inter
706 2181 930 2264 argumenta
947 2191 1019 2264 pro
1042 2153 1085 2237 re
1106 2153 1227 2264 duam
1248 2163 1296 2238 ibi

181 2319 185 2330 ·
280 2297 437 2370 tractat,
457 2283 559 2356 ultro
580 2282 769 2382 producit.

330 2405 434 2476 Inter
452 2402 709 2500 experimenta
725 2415 853 2474 autem
872 2425 955 2499 quae
966 2399 1014 2471 ad
1031 2423 1112 2471 eam
1134 2401 1297 2472 attinent
1395 2429 1396 2444 ¹

172 2569 177 2578 ·
284 2517 600 2607 controversiam,
637 2541 723 2590 cum
752 2518 825 2590 alia
860 2515 1046 2589 addiderit
1066 2516 1114 2587 ad
1138 2517 1296 2588 alteram
1391 2506 1396 2535 ¹

286 2636 492 2734 spectantia
504 2634 696 2725 ,videlicet
707 2657 761 2707 'ox
779 2625 996 2708 natantibus
1008 2635 1047 2704 in
1064 2657 1165 2732 aqua
1185 2631 1298 2706 foetus

205 2737 207 2742 ¹
282 2753 532 2851 pulmonibus
543 2768 644 2826 recte
662 2745 858 2873 arguatur,
873 2753 1000 2822 vivum
1021 2773 1102 2823 esse
1122 2751 1293 2838 editum,

283 2895 333 2942 an
352 2871 483 2960 secus3
508 2861 587 2945 baec
606 2871 718 2943 etiam
741 2870 879 2956 velim,
913 2865 950 2940 et
971 2889 1054 2966 quae
1079 2893 1125 2940 ex
1144 2861 1208 2941 his
1231 2867 1294 2942 de-

282 2987 410 3078 ducit,
436 2989 616 3062 attendas.
639 2987 813 3060 Invenies
829 2988 930 3059 euim
952 2985 1057 3085 quod
1075 2985 1123 3076 iis
1137 2977 1295 3082 adjicias

167 3157 171 3180 .
216 3149 220 3158 ·
280 3129 367 3204 quae
384 3105 432 3178 de
458 3121 569 3178 cauto
591 3106 697 3179 istius
723 3103 1021 3206 medico-legalis
1040 3103 1291 3202 experimenti

279 3246 354 3295 usu
376 3221 424 3295 ad
446 3235 485 3294 te
502 3213 635 3321 scripsi
651 3215 808 3322 epistola
836 3220 967 3294 eadem
977 3225 1073 3292 -xtx
1090 3212 1180 3318 ’(3),
1215 3221 1291 3294 sire

282 3363 367 3410 cum
395 3336 528 3413 foetum
561 3339 670 3435 cujus
703 3338 862 3430 cadaver
891 3336 1070 3412 invaserit
1102 3339 1290 3435 putredo,

189 3457 195 3472 '
280 3449 468 3556 spectari,
486 3457 562 3530 sive
579 3465 668 3529 curn
682 3456 805 3554 ipsum
823 3457 923 3528 inter
939 3427 1164 3572 edeum·
1178 3481 1199 3527 e
1214 3477 1290 3528 ma-

241 3629 243 3635 ,
280 3576 398 3656 ternis
407 3575 501 3674 Iopis
512 3597 637 3648 aerem
649 3575 914 3672 inspirantem,
930 3567 1061 3671 ibique
1078 3587 1289 3663 mortuum,

317 3857 361 3935 (ι)
383 3859 426 3916 Ut
440 3871 527 3917 antea
541 3879 644 3936 opusc.
656 3857 789 3936 patheb,
804 3861 869 3920 obs.
882 3861 932 3920 62.
1007 3867 1015 3926 ’,

316 3951 778 4034 (2)Tom.1,l.4‚s.5,§11.

195 4051 197 4054 ’
318 4051 606 4132 (3JN.dbetseq.
670 4067 690 4122 f
750 4139 754 4148 ι
