2746 4662
34 489 36 516 .
97 423 228 478 mnia.
243 411 724 489 nnuoamscmronc.,etc.
739 424 950 476 murman.
981 405 1052 506 189

33 542 144 624 ,dum
164 539 363 614 difflueret.
387 541 614 637 Neutiquam
635 554 761 612 tamen
780 537 928 614 fetebat.
949 545 1050 616 Reli-

45 684 169 758 quum
186 674 311 732 autem
331 656 551 746 cerebrum,
574 656 647 730 nisi
665 655 769 754 quod
789 659 925 730 sicum
945 683 1050 734 cere-

46 773 175 864 hello,
204 791 241 847 et
268 773 472 872 oblongata
503 773 669 844 medulla
691 771 901 863 conferres,
928 775 1047 851 laxius
1094 796 1106 833 x

46 907 143 981 erat3
157 891 256 962 nihil
271 891 484 992 diligentius
497 894 679 988 quaerenti
698 891 836 964 obtulit
858 893 964 991 quod
987 919 1046 967 se·

47 1010 217 1082 cundum
235 1025 406 1083 naturam
424 1033 503 1079 non
519 1023 632 1097 esset,
645 1023 748 1080 utne
767 1010 806 1080 in
827 1011 1045 1086 ventriculis

47 1126 200 1225 quidem
213 1124 372 1198 ellusum
400 1149 526 1197 serum
544 1125 880 1224 deprehenderim,
900 1129 969 1201 etsi
985 1131 1045 1228 pi-

46 1245 233 1316 tuitariam
260 1243 473 1341 glandulam
491 1243 599 1314 valde
625 1258 875 1334 contractam,
894 1259 931 1317 et
955 1245 1043 1318 sub·

45 1361 225 1434 sidentem
242 1360 496 1433 animadverti.
510 1364 553 1430 In
567 1385 667 1458 genu
685 1360 850 1459 denique
868 1363 1041 1450 sinistre,

44 1478 87 1550 ad
112 1479 294 1552 interiora
308 1478 483 1566 vincula,
501 1479 759 1578 cartilagines,
790 1495 826 1552 et
847 1480 1040 1578 glandulas

43 1595 444 1694 frequentissimis,qui
454 1610 491 1667 et
502 1597 696 1694 superiora
709 1599 836 1687 omnia
848 1597 1038 1690 viderant,

43 1713 312 1813 spectatoribus
331 1713 643 1799 demonstranda,
668 1714 787 1786 inciso
807 1731 896 1786 cum
919 1719 1039 1791 muci·

42 1815 176 1929 laginis
194 1829 290 1901 nibil
314 1830 522 1928 quidquam
557 1831 833 1929 conspicerem,
860 1837 1037 1910 attentius

42 1946 246 2044 inspectare
281 1947 379 2044 coepi
408 1948 553 2032 omnia,
595 1971 677 2044 quae
711 1962 836 2019 tamen
866 1949 918 2020 sic
950 1953 1036 2024 satis

43 2079 142 2135 erant
157 2063 318 2152 lubrica,
328 2062 479 2160 vidique
498 2064 774 2162 cartilagineam
787 2065 918 2137 rotulae
931 2091 1034 2140 crus·

41 2194 110 2251 tam
128 2206 203 2279 qua
225 2194 330 2279 parte
347 2195 502 2252 externo
520 2177 672 2252 lemoris
694 2181 857 2278 condylo
873 2208 1032 2282 respon-

41 2295 163 2387 debat,
183 2299 292 2398 quasi
314 2299 497 2387 attritam,
526 2313 564 2369 et
588 2297 733 2371 levibus
750 2301 935 2400 parallelis
960 2303 1031 2374 sul·

39 2415 121 2487 culis
140 2414 243 2488 haud
262 2415 368 2487 aliter
393 2429 592 2504 exaratam,
610 2440 725 2513 quam
744 2417 775 2489 si
793 2419 878 2515 quis
895 2420 1029 2518 scalpri

39 2534 167 2623 aciem,
189 2531 236 2604 ab
266 2555 414 2604 summo
442 2531 489 2604 ad
520 2533 638 2602 imum
665 2535 797 2630 sapius
831 2534 1027 2627 ducendo,

37 2651 268 2748 appressisset
282 2677 290 2719 :
306 2672 468 2720 crustam
479 2663 604 2720 autem
616 2648 768 2746 condyli
781 2675 894 2747 quern
909 2653 1025 2725 modo

35 2765 214 2858 dicebam,
235 2791 311 2866 qua
323 2764 445 2848 eidem
465 2767 594 2838 rotulae
613 2765 711 2864 parti
735 2765 1025 2858 obvertebatur,

35 2884 119 2959 adeo
153 2899 408 2972 extenuatam,
433 2899 475 2956 ut
495 2884 666 2972 lividula,
692 2882 742 2954 ob
766 2899 1023 2982 transpectum

33 3027 92 3102 per
113 3006 232 3103 ipsam
252 3027 310 3090 os,
330 3015 536 3100 appareret.
565 3005 642 3072 Prae
670 2999 730 3072 his
748 3016 872 3073 autem
902 3005 1022 3079 multo

33 3120 285 3195 observatione
300 3119 489 3218 digniores
508 3115 652 3216 globuli
666 3117 821 3216 plurimi
844 3144 1022 3196 occurre-

32 3234 132 3327 bant,
145 3259 310 3336 quorum
321 3237 471 3307 maximi
485 3235 655 3334 quinque
666 3259 774 3332 pares
785 3253 892 3308 erant
902 3235 1019 3314 ferme
1049 3256 1051 3261 ’

31 3376 153 3428 ornnes
171 3352 425 3426 mediocribus
440 3376 595 3423 uvarum
615 3353 751 3440 acinis,
763 3353 917 3450 reliqui,
934 3357 1018 3454 plu·

30 3492 81 3543 res
95 3471 248 3570 viginti,
264 3469 327 3541 alii
342 3469 555 3567 aliquantu,
578 3468 640 3540 alii
659 3467 778 3540 multo
796 3468 870 3542 illis
896 3474 1018 3546 mino-

30 3611 91 3660 res.
111 3587 196 3660 Albi
223 3601 329 3659 erant
352 3610 497 3674 omnes,
525 3601 561 3658 et
582 3585 662 3657 laevi
694 3585 915 3684 superficie,
937 3615 1018 3664 om-

32 3729 161 3804 nesque
184 3707 283 3777 inter
306 3725 344 3776 se
366 3703 558 3800 disjuncti,
586 3703 685 3773 intra
708 3704 857 3776 articuli
884 3731 1018 3780 cavum

32 3821 304 3918 prominebant,
323 3821 452 3918 exigua
472 3821 528 3891 sui
545 3834 650 3920 parte
667 3819 920 3908 adhaerentes,
938 3824 1015 3897 imo

33 3939 247 4030 continuati,
260 3938 425 4012 minores
438 3936 594 4036 quidem
610 3939 795 4038 capsulari
813 3937 1016 4040 ligamento
