2836 4648
107 450 178 518 un.
192 471 224 516 v.
242 471 289 521 nn
302 467 487 518 nonnanis
499 467 628 516 Annio.
643 465 765 518 sorra.
781 467 891 516 rr1sr.
902 467 1012 517 nxvn.
1038 444 1114 541 609
1133 442 1135 446 ’

164 569 411 655 ro..bttamen
427 581 530 656 hunc
546 595 694 654 tanturn
711 583 852 680 vaginae
868 581 1048 654 coalitum
1064 586 1114 654 ab

106 704 306 788 erosione4
335 715 400 772 aut
418 697 465 774 ab
498 699 724 770 laceratione
738 697 880 795 aliquo,
902 709 975 804 'aut
1004 699 1113 771 nulio

107 818 246 908 modo,
283 833 348 889 ant
382 817 618 915 negligenter
650 829 802 902 curata,
832 813 945 888 fuisse
964 815 1113 920 'cred0,

104 951 203 1034 puta
215 933 404 1023 abultimo
423 945 553 1032 partu;
571 947 691 1030 nupta
706 935 807 1004 enim
820 933 957 1004 mulier
973 931 1111 1018 fuerat,
1222 1005 1226 1012 ,

62 1041 64 1052 ’
105 1054 295 1150 annisque
310 1067 419 1124 antea
438 1075 516 1124 non
530 1049 659 1122 multis
675 1052 797 1122 virum
815 1052 1004 1141 amiserat,
1023 1075 1115 1149 quo·

107 1193 199 1241 cum
222 1171 262 1238 in
279 1169 521 1241 matrimonio
541 1170 688 1255 vivere,
714 1167 791 1239 imo
814 1193 863 1239 ne
882 1169 1006 1242 vivere
1026 1170 1113 1267 qui-

106 1283 220 1374 dem,
241 1287 295 1358 sic
311 1285 435 1358 olausa
454 1310 475 1358 a
492 1284 710 1383 primordiis
734 1286 888 1382 vagina,
917 1285 1109 1382 potuisset.

105 1402 312 1492 Quomodo
330 1403 431 1474 enim
453 1423 601 1490 censes,
619 1416 856 1474 menstruum
873 1404 1113 1500 sanguinem,

106 1522 176 1616 qni
195 1519 242 1591 ab
259 1519 463 1592 illiusmodi
482 1535 589 1592 utero
612 1544 690 1590 non
715 1520 926 1592 scaturiisse
951 1519 1111 1593 florente

102 1652 211 1708 aetate
225 1661 303 1708 non
316 1637 483 1726 videtur,
500 1638 599 1708 intra
611 1640 692 1733 ejus
702 1661 835 1708 cavum
854 1638 933 1710 sine
944 1638 1113 1735 pernicie

104 1755 278 1846 mulieris
293 1757 459 1852 potuisse
483 1754 666 1826 retineri?
685 1759 763 1854 Ego
778 1769 878 1826 certe
892 1755 953 1824 vix
976 1754 1113 1826 intelli-

104 1897 255 1970 gerem,
280 1874 347 1969 qui
364 1887 491 1970 posset
508 1872 671 1960 humor,
690 1887 733 1944 ut
749 1895 980 1970 perparum,
999 1883 1036 1944 et
1054 1887 1113 1944 te·
1154 1889 1157 1894 '

104 1991 192 2062 nuis
211 1992 257 2061 sit
270 2015 376 2088 ‚quo
391 1987 600 2062 secundum
614 2004 801 2076 naturam,
819 2004 860 2060 ut
878 1990 917 2057 in
931 1987 1000 2060 hac
1017 2010 1111 2084 quo·

104 2131 182 2204 que
194 2105 332 2180 femina
350 2107 484 2180 vidisse
502 2131 562 2178 me
589 2105 681 2194 dixi,
695 2107 805 2180 'intus
827 2105 958 2176 leviter
983 2103 1111 2176 madet

104 2240 254 2310 uterus,
281 2224 371 2296 huic
387 2223 510 2296 labem
525 2247 604 2318 non
625 2223 810 2311 attulisse,
831 2223 904 2294 nisi
925 2245 994 2322 per
1007 2215 1110 2319 'lyrn-

103 2343 189 2441 phae
215 2342 371 2432 ductus,
410 2356 476 2414 aut
499 2342 570 2413 alia
601 2339 843 2412 absorbentia
866 2339 1015 2412 vascula
1047 2365 1110 2428 re«,
1170 2360 1173 2368 ’

102 2459 316 2532 veheretur.
347 2459 419 2532 Sed
446 2458 524 2530 haec
546 2483 639 2531 num
664 2458 838 2556 sanguini
868 2481 1045 2556 quoque,
1071 2471 1110 2528 et

104 2603 151 2648 ea
184 2579 292 2677 copia
317 2603 393 2676 qua
424 2577 561 2650 scimus
594 2579 635 2646 in
673 2577 771 2648 uteri
800 2599 933 2647 cavom
955 2574 1110 2672 singulis

106 2695 300 2770 mensibus
318 2695 495 2785 influere,
521 2693 747 2766 abducendo
766 2695 870 2790 paria
902 2715 981 2763 esse
1013 2693 1109 2763 exis-

107 2812 278 2886 timabis?
296 2813 409 2905 Quod
426 2837 518 2886 vero
535 2811 582 2884 de
602 2811 692 2899 hac,
711 2809 812 2880 idern
829 2807 945 2880 ferme
960 2805 1007 2880 de
1031 2833 1111 2879 mu·

105 2931 198 3003 liere
220 2934 330 3004 etiarn
348 2932 465 3004 altera
488 2945 589 3001 exte
623 2951 766 3026 quaro,
796 2926 903 3022 cujus
925 2940 1006 2996 turn
1026 2924 1110 2997 fue·

104 3063 165 3120 rat
188 3050 228 3119 in
248 3027 440 3148 gymnasio
462 3046 621 3122 cadaver
648 3044 849 3117 dissectum
875 3043 938 3140 ¹rix
958 3041 1110 3116 dnobus

105 3179 193 3236 ante
204 3166 418 3256 mensibuS‚
434 3180 472 3238 et
488 3164 566 3236 haec
585 3185 668 3262 quae
685 3175 918 3260 sequuntur,
935 3184 955 3234 a
972 3184 1032 3234 me
1048 3159 1109 3232 ad·
1134 3233 1136 3237 ,
1193 3221 1195 3228 ,

107 3297 246 3356 notata.
516 3279 518 3286 ’

161 3429 215 3474 11.
232 3407 335 3474 Anus
348 3404 386 3472 in
398 3402 618 3474 nosocomio
634 3395 843 3472 decesserat
855 3422 935 3468 non
954 3421 997 3467 ex
1013 3395 1109 3483 alio,

105 3535 290 3620 quantum
314 3518 537 3617 apparebat,
561 3503 839 3614 morbo‚quarn
852 3513 1108 3586 deficientium

106 3639 245 3714 sensim
264 3637 401 3709 virium
416 3661 426 3725 3
444 3661 514 3708 nec
527 3637 665 3706 mirum
678 3635 717 3704 in
735 3657 777 3704 ea
791 3657 875 3730 qnae
888 3653 1008 3701 annos
1026 3653 1109 3700 exe·

106 3771 211 3854 gerat
237 3755 443 3852 nonaginta
469 3751 575 3825 duos.
603 3755 750 3861 Corpns
779 3766 859 3819 erat
891 3733 1107 3843 strigosissi-

105 3887 221 3944 m'um.
252 3875 305 3944 Ex
326 3870 541 3950 abdomine.
555 3867 636 3940 duae
665 3863 932 3966 prominebant
952 3863 1106 3952 berniae,

99 3991 223 4064 ¹altera
242 3991 291 4098 ip¹
310 3981 435 4064 ¹medio
462 3986 725 4095 hypogastrio,
756 4006 837 4082 quse
859 3980 977 4080 puelli
996 3995 1109 4080 eaput
