2746 4662
292 433 362 512 180
448 457 496 508 nr
520 451 667 506 sanraus
691 455 736 504 nr
760 453 885 504 causis
908 451 1119 504 uoaaoaou

223 581 225 586 '
286 575 370 648 buit
384 572 509 645 multa
526 567 758 670 pinguedine
778 585 934 641 onusta:
957 569 1126 667 amplum
1150 569 1275 642 ventri·

287 691 436 779 culum3
468 688 533 760 sed
563 687 701 758 tunicis
735 687 897 758 maxime
929 688 1156 760 extenuatis:
1178 689 1274 784 jecur

285 809 410 906 ipsum
422 803 575 903 quidem
586 817 689 876 recte
704 804 950 875 constitutum
963 829 973 892 ;
988 802 1068 898 ejus
1084 817 1208 875 autem
1224 829 1275 876 ve·
1358 819 1359 828 ³

281 923 440 998 siculam
479 920 693 1012 parvulam,
724 920 937 1017 tunicisque
965 917 1061 992 adeo
1095 920 1275 1006 tenuibus,

284 1055 322 1113 et
337 1037 519 1127 flaccidis,
546 1053 589 1110 ut
615 1053 755 1110 attactu
782 1051 1069 1135 rumperentur,
1091 1037 1275 1112 excidente

282 1155 449 1228 rotundo
483 1133 661 1242 calculo,¹
677 1178 748 1253 pro
779 1153 951 1227 vesiculae
988 1155 1169 1252 parvitate
1206 1178 1276 1224 non

244 1267 251 1284 '
281 1297 419 1371 parvo,
443 1297 558 1369 quem
576 1297 696 1344 unum
718 1261 801 1344 baec
827 1271 907 1343 sine
926 1270 1002 1342 ulla
1019 1270 1096 1343 bile
1111 1272 1277 1344 contine-

278 1389 352 1462 bat.
374 1393 496 1462 Renes
514 1404 620 1462 erant
637 1414 743 1486 aequo
764 1389 949 1486 majores,
968 1387 1033 1464 sed
1050 1387 1182 1462 dexter
1205 1413 1276 1460 ma·

278 1509 476 1597 ximus,ut
495 1507 606 1579 simul
624 1532 711 1579 cum
731 1506 961 1606 pinguedine
976 1531 1052 1604 qua
1075 1504 1274 1605 obtegeba-

276 1639 360 1710 tur,
377 1625 507 1722 capitis
526 1625 823 1723 magnitudinem
836 1621 953 1697 ferme
967 1638 1139 1721 aequaret.
1169 1627 1213 1695 In
1234 1647 1274 1696 eo

276 1741 420 1840 lapides
436 1741 483 1812 ad
501 1740 693 1831 undecim,
707 1741 835 1839 magni
850 1742 1043 1840 plerique,
1054 1833 1058 1840 ¹
1069 1755 1106 1814 et
1124 1742 1271 1815 ramosi.

277 1863 324 1932 In
333 1860 483 1932 sinistro
498 1883 619 1949 nnus,
635 1876 672 1932 et
685 1861 716 1932 is
733 1883 887 1958 quoque
901 1867 1091 1948 ramosus,
1110 1883 1183 1932 nec
1196 1883 1276 1958 par·

275 2001 361 2049 vus«
382 1980 457 2048 Suo
476 1977 619 2065 colore,
638 1993 676 2049 et
689 1978 802 2049 ramis
819 1975 915 2047 nihil
935 1977 1053 2075 magis
1071 1975 1112 2046 bi
1129 1976 1275 2066 calculi,

275 2119 391 2192 quam
410 2094 561 2191 nigrum
578 2094 760 2164 coralium
777 2090 990 2167 referebant
1000 2120 1010 2184 ;
1025 2093 1074 2166 ad
1094 2117 1156 2167 me
1178 2095 1273 2168 enim

268 2211 483 2284 attulerunt
514 2209 757 2309 spectandos;
783 2209 829 2282 ab
862 2211 907 2283 iis
937 2225 1061 2282 autem
1092 2235 1175 2284 non
1201 2235 1274 2284 esse

274 2329 374 2399 visos
409 2341 579 2425 oportet,
604 2328 671 2424 qui
694 2351 827 2400 eorum
849 2328 987 2402 similes
1012 2325 1144 2417 fuisse,
1180 2329 1274 2402 indi-

273 2457 409 2518 carunt
424 2468 520 2540 quos
533 2442 673 2515 Tabula
688 2448 741 2516 III
765 2445 965 2518 delineavit
993 2445 1184 2544 Alghisius
1208 2446 1223 2537 (
1246 2447 1270 2545 ).

272 2565 455 2635 Caeterum
468 2560 530 2632 illa
549 2585 630 2658 quae
647 2563 840 2659 proxime,
857 2577 1034 2660 arcteque
1052 2563 1156 2660 ipsos
1175 2589 1273 2638 com·
1357 2643 1358 2656 χ

270 2678 526 2778 plectebatur,
545 2701 679 2750 renum
708 2677 914 2752 substantia
926 2675 1021 2750 dura
1032 2694 1134 2769 erat,
1152 2697 1190 2754 et
1205 2682 1273 2754 cal·
1357 2665 1358 2670 ¹

270 2797 361 2867 losa.
378 2795 549 2868 Thorace
569 2795 741 2885 recluso,
758 2795 853 2866 nihil
877 2796 917 2866 in
942 2789 1193 2893 pulmonibus
1214 2823 1271 2870 re·
1356 2847 1357 2872 r

268 2927 419 3012 partum
437 2909 611 3009 estquod
630 2927 726 2984 esset
747 2927 881 3010 praeter
897 2925 1092 3001 naturam,
1122 2913 1188 2986 sed
1212 2939 1269 2988 as·

265 3053 365 3128 perae
383 3029 526 3098 arteriae
547 3043 704 3098 truncus
724 3029 958 3127 cartilagines
974 3028 1108 3102 habuit
1120 3031 1268 3129 praedu·

265 3169 349 3234 ras,
377 3168 449 3215 nec
477 3141 583 3215 facile
614 3146 888 3243 constringenti
918 3149 1048 3218 manui
1079 3147 1266 3222 cedentes.

265 3261 379 3352 Quod
397 3260 478 3331 vitii
510 3285 628 3358 genus
652 3261 692 3332 in
715 3263 858 3335 arteriis
886 3287 1041 3362 quoque
1070 3262 1204 3354 iliacis,
1230 3281 1266 3348 et
1355 3299 1356 3310 ¹

264 3378 460 3478 proxim0,
476 3375 577 3448 unde
597 3380 786 3467 oriuntur,
805 3395 916 3450 aortae
939 3395 1075 3452 trunco
1095 3382 1266 3454 animad-

261 3517 413 3566 versum
447 3489 578 3566 fuerat.
602 3498 733 3593 Neque
758 3497 856 3568 intra
893 3496 1087 3568 thoracem
1116 3497 1263 3589 deerat,

262 3610 328 3686 sed
347 3609 400 3682 ibi
416 3634 492 3708 quo
515 3611 672 3709 magisa
698 3613 812 3686 corde
835 3613 1036 3687 recedebat
1060 3630 1185 3706 aorta,
1214 3641 1260 3690 eo

1148 3754 1170 3796 p

262 3823 1257 3852 mm...-

297 3982 341 4067 ⁸(r)
361 3983 553 4046 Lithotomia«
