2732 4654
87 426 150 488 nt.
162 429 211 488 tu.
227 427 635 522 reponsorium„
651 424 720 491 ete.
739 433 851 491 ensi.
867 433 941 490 ern.
968 401 1039 490 '305

48 553 240 626 examinari
253 569 308 641 ‚et
317 579 387 652 pro
405 578 551 625 veneno
562 556 714 652 agnosci
729 570 862 652 queat,
884 570 948 626 aut
964 553 1038 626 nisi

49 668 139 741 illius
157 673 369 770 particulae,
400 674 516 743 erosis
537 672 738 743 ventriculi
762 673 899 744 tunicis
916 670 1039 742 adhae·

48 796 182 875 rentes,
204 789 392 884 ejusmodi
416 791 508 875 sint,
538 804 579 859 ut
597 813 666 887 per
696 811 735 860 se
757 774 927 860 facilene
951 808 1043 884 pro-

49 899 151 990 dant,
169 919 213 977 ut
229 903 323 1001 gilla
351 905 548 1004 illaquam
569 907 616 980 iis
644 899 898 976 adhaerentem
930 909 1047 978 Heer-

48 1019 115 1092 sius
137 1021 192 1117 (ι)
211 1023 361 1094 invenit
380 1077 389 1110 ,
409 1023 485 1093 sive
515 1024 557 1093 ut
576 1024 736 1094 arsenic'i
762 1023 838 1094 albi
868 1020 1047 1109 frustula,

51 1161 124 1232 quae
142 1137 278 1210 iisdem
299 1139 519 1209 inhaerentia
540 1140 657 1229 vidit,
678 1155 715 1212 et
738 1140 799 1209 vix
819 1138 953 1210 evulsit
973 1138 1047 1209 Sal-

51 1253 197 1328 muthus
215 1257 291 1354 <2);
313 1263 349 1328 et
365 1257 405 1326 in
433 1257 589 1328 muliere
620 1277 774 1356 quoque
807 1256 854 1330 de
883 1277 958 1354 qua
990 1267 1045 1328 est

54 1372 167 1466 prima
187 1371 304 1472 hujus
323 1373 486 1472 epistolae
498 1372 710 1446 observatio
723 1374 795 1468 (3),
813 1372 919 1444 facile
934 1391 1051 1472 agno·

53 1505 196 1580 verunt3
219 1490 316 1563 nihil
334 1491 424 1562 inde
440 1515 512 1588 pro
531 1506 635 1562 certo
650 1491 779 1564 licebit
794 1469 1049 1590 pronunciari

94 1633 149 1678 21.
171 1612 265 1700 Quae
291 1611 443 1698 omnia,
465 1619 579 1706 atcsue
604 1609 674 1681 alia
700 1628 784 1707 quae
801 1605 1050 1692 Eunullerus,

56 1717 163 1796 filiurn
184 1727 290 1816 dim,
315 1727 355 1797 in
387 1743 666 1825 programmate
695 1727 897 1826 perpendit
920 1725 1051 1822 Lipsiae

54 1839 146 1914 edito
168 1869 419 1942 ann0.1729,
445 1843 592 1916 erudite
628 1860 665 1917 et
687 1844 896 1944 prudenter
923 1858 1051 1914 osten-

53 1955 151 2046 dens,
180 1987 296 2060 quam
325 1962 486 2032 arduum
519 1977 555 2034 et
583 1961 840 2061 periculosum
882 1963 928 2032 sit
958 1962 1052 2032 certi

56 2075 190 2173 aliquid
221 2081 261 2150 in
281 2077 468 2175 ejusmodi
495 2079 765 2176 quaestionibus
798 2079 1054 2165 constituere}

56 2217 148 2289 quae,
174 2199 357 2294 inquam,
398 2200 524 2267 omnia
556 2200 870 2294 quotiescumque
902 2217 1055 2266 mecum

57 2309 126 2406 ipse
157 2314 513 2401 consider0‚toties
547 2315 689 2403 sentio,
717 2315 802 2412 jure
838 2315 1051 2409 meritoque

58 2453 126 2502 esse
145 2457 246 2504 ame
265 2429 419 2518 sactum,
440 2457 524 2503 cum
549 2437 589 2504 in
611 2433 838 2528 quibusdam
858 2431 1053 2504 dissectio·-

57 2546 180 2638 nibus,
197 2575 291 2646 quas
308 2549 370 2622 hic
390 2567 607 2648 proponere
623 2551 847 2648 potuissem,
869 2548 958 2618 alibi
982 2573 1049 2620 auh

56 2677 122 2737 tem
140 2663 190 2738 ad
213 2682 250 2740 te
268 2669 399 2766 scripsi
417 2667 491 2764 (Δ),
523 2691 712 2737 venenum
732 2666 968 2762 ingenitum,
1002 2689 1051 2734 an

57 2781 236 2880 ingestum
254 2799 369 2872 esset,
389 2785 496 2860 nolui
516 2785 782 2882 pronunciare.
806 2788 855 2851 ln·
868 2787 910 2852 e'a
923 2797 1050 2852 tamen

57 2899 173 2998 inqua
186 2927 266 2974 nou
279 2902 530 2974 ventriculum
544 2902 682 2988 modo,
703 2916 739 2972 et
755 2898 974 2971 duodenum
994 2900 1049 2970 in·

57 3023 244 3104 temnunt,
281 3018 412 3091 sedet
443 3015 690 3118 oesophagum
723 3036 875 3089 erosum
914 3015 1050 3113 depre-

58 3129 163 3209 hendi
181 3135 240 3235 (5)
259 3139 378 3236 magis
393 3137 531 3208 audere
549 3137 777 3235 potuissem,
803 3137 833 3206 si
849 3159 920 3230 pro
945 3148 1050 3206 certo

59 3269 182 3328 notum
207 3254 356 3342 fuisset,
382 3253 503 3327 nullas
534 3256 696 3326 extitisse
720 3253 945 3325 vomitiones
981 3271 1050 3349 per
