<?xml version="1.0" encoding="UTF-8"?>
<!DOCTYPE html PUBLIC "-//W3C//DTD XHTML 1.0 Transitional//EN"
    "http://www.w3.org/TR/xhtml1/DTD/xhtml1-transitional.dtd">
<html xmlns="http://www.w3.org/1999/xhtml" xml:lang="en" lang="en">
 <head>
  <title>
</title>
<meta http-equiv="Content-Type" content="text/html;charset=utf-8" />
  <meta name='ocr-system' content='tesseract 3.04.00' />
  <meta name='ocr-capabilities' content='ocr_page ocr_carea ocr_par ocr_line ocrx_word'/>
</head>
<body>
  <div class='ocr_page' id='page_1' title='image "./desedibusetcaus02adelgoog_0643.png"; bbox 0 0 2836 4648; ppageno 0'>
   <div class='ocr_carea' id='block_1_1' title="bbox 284 415 1123 490">
    <p class='ocr_par' dir='ltr' id='par_1_1' title="bbox 284 415 1123 490">
     <span class='ocr_line' id='line_1_1' title="bbox 284 415 1123 490; baseline -0.025 1"><span class='ocrx_word' id='word_1_1' title='bbox 284 415 357 490; x_wconf 88' lang='lat'>660</span> <span class='ocrx_word' id='word_1_2' title='bbox 450 432 497 480; x_wconf 78' lang='lat' dir='ltr'>nr</span> <span class='ocrx_word' id='word_1_3' title='bbox 522 426 669 480; x_wconf 77' lang='lat' dir='ltr'>suanus</span> <span class='ocrx_word' id='word_1_4' title='bbox 693 426 738 475; x_wconf 81' lang='lat' dir='ltr'>rr</span> <span class='ocrx_word' id='word_1_5' title='bbox 762 418 886 474; x_wconf 76' lang='lat' dir='ltr'>causrs</span> <span class='ocrx_word' id='word_1_6' title='bbox 911 417 1123 474; x_wconf 72' lang='lat' dir='ltr'>nonnosum</span> 
     </span>
    </p>
   </div>
   <div class='ocr_carea' id='block_1_2' title="bbox 246 525 1416 1592">
    <p class='ocr_par' dir='ltr' id='par_1_2' title="bbox 246 503 1416 1592">
     <span class='ocr_line' id='line_1_2' title="bbox 285 525 1380 649; baseline -0.019 -22"><span class='ocrx_word' id='word_1_7' title='bbox 285 544 624 649; x_wconf 84' lang='lat' dir='ltr'>complectebatur,</span> <span class='ocrx_word' id='word_1_8' title='bbox 640 541 715 610; x_wconf 92' lang='lat' dir='ltr'>ima</span> <span class='ocrx_word' id='word_1_9' title='bbox 734 552 840 638; x_wconf 89' lang='lat' dir='ltr'>parte</span> <span class='ocrx_word' id='word_1_10' title='bbox 864 552 1042 637; x_wconf 83' lang='lat' dir='ltr'>excepta,</span> <span class='ocrx_word' id='word_1_11' title='bbox 1062 534 1171 608; x_wconf 86' lang='lat' dir='ltr'>unde</span> <span class='ocrx_word' id='word_1_12' title='bbox 1197 534 1295 608; x_wconf 80' lang='lat' dir='ltr'>late·</span> <span class='ocrx_word' id='word_1_13' title='bbox 1367 525 1380 552; x_wconf 70' lang='lat'><em>⁶</em></span> 
     </span>
     <span class='ocr_line' id='line_1_3' title="bbox 282 653 1294 764; baseline -0.022 -19"><span class='ocrx_word' id='word_1_14' title='bbox 282 667 376 746; x_wconf 86' lang='lat' dir='ltr'>ralia</span> <span class='ocrx_word' id='word_1_15' title='bbox 395 664 588 764; x_wconf 81' lang='lat' dir='ltr'>longiora,</span> <span class='ocrx_word' id='word_1_16' title='bbox 614 681 728 756; x_wconf 89' lang='lat' dir='ltr'>quam</span> <span class='ocrx_word' id='word_1_17' title='bbox 751 656 949 740; x_wconf 51' lang='lat' dir='ltr'>solentfct</span> <span class='ocrx_word' id='word_1_18' title='bbox 971 653 1166 742; x_wconf 87' lang='lat' dir='ltr'>tenuiora,</span> <span class='ocrx_word' id='word_1_19' title='bbox 1198 677 1294 752; x_wconf 80' lang='lat' dir='ltr'>prae·</span> 
     </span>
     <span class='ocr_line' id='line_1_4' title="bbox 284 772 1294 872; baseline -0.019 -11"><span class='ocrx_word' id='word_1_20' title='bbox 284 787 410 862; x_wconf 84' lang='lat' dir='ltr'>sertim</span> <span class='ocrx_word' id='word_1_21' title='bbox 438 782 650 866; x_wconf 85' lang='lat' dir='ltr'>dexterum,</span> <span class='ocrx_word' id='word_1_22' title='bbox 668 772 898 848; x_wconf 88' lang='lat' dir='ltr'>oriebantur.</span> <span class='ocrx_word' id='word_1_23' title='bbox 921 774 952 844; x_wconf 83' lang='grc' dir='ltr'><strong>Α</strong></span> <span class='ocrx_word' id='word_1_24' title='bbox 977 772 1130 872; x_wconf 76' lang='lat' dir='ltr'>sinistro</span> <span class='ocrx_word' id='word_1_25' title='bbox 1161 785 1294 842; x_wconf 87' lang='lat' dir='ltr'>tamen</span> 
     </span>
     <span class='ocr_line' id='line_1_5' title="bbox 264 885 1416 1005; baseline -0.023 -27"><span class='ocrx_word' id='word_1_26' title='bbox 264 904 392 1005; x_wconf 83' lang='lat' dir='ltr'>&#39;quasi</span> <span class='ocrx_word' id='word_1_27' title='bbox 415 921 564 974; x_wconf 87' lang='lat' dir='ltr'>summo</span> <span class='ocrx_word' id='word_1_28' title='bbox 589 891 712 966; x_wconf 90' lang='lat' dir='ltr'>dentis</span> <span class='ocrx_word' id='word_1_29' title='bbox 730 892 847 964; x_wconf 89' lang='lat' dir='ltr'>latere</span> <span class='ocrx_word' id='word_1_30' title='bbox 876 887 1062 990; x_wconf 88' lang='lat' dir='ltr'>perbreve</span> <span class='ocrx_word' id='word_1_31' title='bbox 1093 885 1294 986; x_wconf 85' lang='lat' dir='ltr'>quoddam</span> <span class='ocrx_word' id='word_1_32' title='bbox 1415 947 1416 952; x_wconf 75' lang='grc'>,</span> 
     </span>
     <span class='ocr_line' id='line_1_6' title="bbox 282 1003 1416 1126; baseline -0.028 -29"><span class='ocrx_word' id='word_1_33' title='bbox 282 1015 614 1126; x_wconf 78' lang='lat' dir='ltr'>proficiscebatur,</span> <span class='ocrx_word' id='word_1_34' title='bbox 628 1026 666 1086; x_wconf 92' lang='lat' dir='ltr'>et</span> <span class='ocrx_word' id='word_1_35' title='bbox 680 1009 849 1084; x_wconf 88' lang='lat' dir='ltr'>crassius.</span> <span class='ocrx_word' id='word_1_36' title='bbox 1415 1003 1416 1032; x_wconf 69' lang='lat'>¹</span> 
     </span>
     <span class='ocr_line' id='line_1_7' title="bbox 278 1123 1416 1239; baseline -0.016 -27"><span class='ocrx_word' id='word_1_37' title='bbox 278 1163 288 1172; x_wconf 86' lang='lat'><em>·</em></span> <span class='ocrx_word' id='word_1_38' title='bbox 332 1135 457 1239; x_wconf 82' lang='lat' dir='ltr'>98ed</span> <span class='ocrx_word' id='word_1_39' title='bbox 470 1135 758 1233; x_wconf 77' lang='lat' dir='ltr'>ligamentorum</span> <span class='ocrx_word' id='word_1_40' title='bbox 776 1149 858 1226; x_wconf 83' lang='lat' dir='ltr'>quae</span> <span class='ocrx_word' id='word_1_41' title='bbox 868 1123 985 1198; x_wconf 90' lang='lat' dir='ltr'>modo</span> <span class='ocrx_word' id='word_1_42' title='bbox 998 1123 1197 1212; x_wconf 76' lang='lat' dir='ltr'>dicebam</span> <span class='ocrx_word' id='word_1_43' title='bbox 1205 1125 1297 1198; x_wconf 85' lang='lat' dir='ltr'>vitia</span> <span class='ocrx_word' id='word_1_44' title='bbox 1415 1167 1416 1216; x_wconf 63' lang='lat'>3</span> 
     </span>
     <span class='ocr_line' id='line_1_8' title="bbox 280 1241 1296 1354; baseline -0.019 -22"><span class='ocrx_word' id='word_1_45' title='bbox 280 1260 373 1346; x_wconf 84' lang='lat' dir='ltr'>alia,</span> <span class='ocrx_word' id='word_1_46' title='bbox 395 1250 565 1354; x_wconf 90' lang='lat' dir='ltr'>quamvis</span> <span class='ocrx_word' id='word_1_47' title='bbox 587 1273 667 1319; x_wconf 88' lang='lat' dir='ltr'>non</span> <span class='ocrx_word' id='word_1_48' title='bbox 689 1261 732 1318; x_wconf 87' lang='lat' dir='ltr'>ut</span> <span class='ocrx_word' id='word_1_49' title='bbox 755 1243 853 1334; x_wconf 84' lang='lat' dir='ltr'>haec,</span> <span class='ocrx_word' id='word_1_50' title='bbox 879 1267 899 1314; x_wconf 89' lang='lat' dir='ltr'>a</span> <span class='ocrx_word' id='word_1_51' title='bbox 928 1241 1149 1340; x_wconf 87' lang='lat' dir='ltr'>primordiis</span> <span class='ocrx_word' id='word_1_52' title='bbox 1181 1267 1296 1340; x_wconf 86' lang='lat' dir='ltr'>repe-</span> 
     </span>
     <span class='ocr_line' id='line_1_9' title="bbox 246 1359 1297 1459; baseline -0.013 -13"><span class='ocrx_word' id='word_1_53' title='bbox 246 1435 252 1446; x_wconf 86' lang='lat'>..</span> <span class='ocrx_word' id='word_1_54' title='bbox 283 1373 399 1450; x_wconf 89' lang='lat' dir='ltr'>tenda</span> <span class='ocrx_word' id='word_1_55' title='bbox 416 1369 652 1454; x_wconf 88' lang='lat' dir='ltr'>viderentur,</span> <span class='ocrx_word' id='word_1_56' title='bbox 668 1361 884 1440; x_wconf 85' lang='lat' dir='ltr'>memineris</span> <span class='ocrx_word' id='word_1_57' title='bbox 903 1359 1166 1459; x_wconf 87' lang='lat' dir='ltr'>superioribus</span> <span class='ocrx_word' id='word_1_58' title='bbox 1187 1363 1297 1450; x_wconf 87' lang='lat' dir='ltr'>unis,</span> 
     </span>
     <span class='ocr_line' id='line_1_10' title="bbox 284 1476 1296 1592; baseline -0.015 -26"><span class='ocrx_word' id='word_1_59' title='bbox 284 1509 397 1592; x_wconf 88' lang='lat' dir='ltr'>atque</span> <span class='ocrx_word' id='word_1_60' title='bbox 418 1489 542 1562; x_wconf 87' lang='lat' dir='ltr'>alteris</span> <span class='ocrx_word' id='word_1_61' title='bbox 560 1483 692 1556; x_wconf 79' lang='lat' dir='ltr'>litteris</span> <span class='ocrx_word' id='word_1_62' title='bbox 713 1479 772 1578; x_wconf 83' lang='lat'>(1)</span> <span class='ocrx_word' id='word_1_63' title='bbox 800 1476 911 1552; x_wconf 86' lang='lat' dir='ltr'>luisse</span> <span class='ocrx_word' id='word_1_64' title='bbox 934 1477 1140 1576; x_wconf 90' lang='lat' dir='ltr'>proposita.</span> <span class='ocrx_word' id='word_1_65' title='bbox 1164 1479 1296 1551; x_wconf 87' lang='lat' dir='ltr'>Multo</span> 
     </span>
    </p>
   </div>
   <div class='ocr_carea' id='block_1_3' title="bbox 242 1592 1416 1810">
    <p class='ocr_par' dir='ltr' id='par_1_3' title="bbox 242 1592 1416 1810">
     <span class='ocr_line' id='line_1_11' title="bbox 242 1592 1416 1704; baseline -0.017 -18"><span class='ocrx_word' id='word_1_66' title='bbox 242 1700 244 1704; x_wconf 89' lang='lat'>.</span> <span class='ocrx_word' id='word_1_67' title='bbox 283 1625 408 1684; x_wconf 86' lang='lat' dir='ltr'>autem</span> <span class='ocrx_word' id='word_1_68' title='bbox 426 1600 797 1718; x_wconf 82' lang='lat' dir='ltr'>magismemineris,</span> <span class='ocrx_word' id='word_1_69' title='bbox 817 1592 1294 1694; x_wconf 81' lang='lat' dir='ltr'>quiasaepiuslactumest,</span> <span class='ocrx_word' id='word_1_70' title='bbox 1415 1623 1416 1680; x_wconf 69' lang='lat' dir='ltr'>i</span> 
     </span>
     <span class='ocr_line' id='line_1_12' title="bbox 283 1699 1416 1810; baseline -0.017 -7"><span class='ocrx_word' id='word_1_71' title='bbox 283 1753 369 1803; x_wconf 90' lang='lat' dir='ltr'>cum</span> <span class='ocrx_word' id='word_1_72' title='bbox 395 1726 442 1799; x_wconf 88' lang='lat' dir='ltr'>de</span> <span class='ocrx_word' id='word_1_73' title='bbox 473 1703 743 1796; x_wconf 85' lang='lat' dir='ltr'>claudicatione</span> <span class='ocrx_word' id='word_1_74' title='bbox 772 1729 867 1788; x_wconf 89' lang='lat' dir='ltr'>esset</span> <span class='ocrx_word' id='word_1_75' title='bbox 892 1715 1030 1810; x_wconf 87' lang='lat' dir='ltr'>injecta</span> <span class='ocrx_word' id='word_1_76' title='bbox 1048 1713 1223 1802; x_wconf 90' lang='lat' dir='ltr'>mentio,</span> <span class='ocrx_word' id='word_1_77' title='bbox 1251 1729 1297 1786; x_wconf 92' lang='lat' dir='ltr'>ut</span> <span class='ocrx_word' id='word_1_78' title='bbox 1415 1699 1416 1738; x_wconf 62' lang='lat'>³</span> 
     </span>
    </p>
   </div>
   <div class='ocr_carea' id='block_1_4' title="bbox 282 1831 1295 1931">
    <p class='ocr_par' dir='ltr' id='par_1_4' title="bbox 282 1831 1295 1931">
     <span class='ocr_line' id='line_1_13' title="bbox 282 1831 1295 1931; baseline -0.018 -11"><span class='ocrx_word' id='word_1_79' title='bbox 282 1849 381 1920; x_wconf 75' lang='lat' dir='ltr'>inter</span> <span class='ocrx_word' id='word_1_80' title='bbox 389 1858 670 1916; x_wconf 82' lang='lat' dir='ltr'>caeterascausas</span> <span class='ocrx_word' id='word_1_81' title='bbox 678 1834 864 1931; x_wconf 78' lang='lat' dir='ltr'>descripta</span> <span class='ocrx_word' id='word_1_82' title='bbox 877 1833 1055 1904; x_wconf 78' lang='lat' dir='ltr'>sintvrtra</span> <span class='ocrx_word' id='word_1_83' title='bbox 1065 1855 1104 1900; x_wconf 90' lang='grc' dir='ltr'>ιιι</span> <span class='ocrx_word' id='word_1_84' title='bbox 1123 1853 1167 1900; x_wconf 89' lang='lat' dir='ltr'>ea</span> <span class='ocrx_word' id='word_1_85' title='bbox 1179 1831 1295 1926; x_wconf 86' lang='lat' dir='ltr'>junc-</span> 
     </span>
    </p>
   </div>
   <div class='ocr_carea' id='block_1_5' title="bbox 282 1947 1416 2061">
    <p class='ocr_par' dir='ltr' id='par_1_5' title="bbox 282 1947 1416 2061">
     <span class='ocr_line' id='line_1_14' title="bbox 282 1947 1416 2061; baseline -0.02 -23"><span class='ocrx_word' id='word_1_86' title='bbox 282 1981 367 2038; x_wconf 81' lang='lat' dir='ltr'>turo</span> <span class='ocrx_word' id='word_1_87' title='bbox 390 1985 475 2061; x_wconf 79' lang='lat' dir='ltr'>quae</span> <span class='ocrx_word' id='word_1_88' title='bbox 506 1961 605 2040; x_wconf 81' lang='lat' dir='ltr'>inter</span> <span class='ocrx_word' id='word_1_89' title='bbox 634 1948 786 2025; x_wconf 86' lang='lat' dir='ltr'>femoris</span> <span class='ocrx_word' id='word_1_90' title='bbox 814 1961 947 2047; x_wconf 88' lang='lat' dir='ltr'>capnt,</span> <span class='ocrx_word' id='word_1_91' title='bbox 986 1963 1024 2020; x_wconf 93' lang='lat' dir='ltr'>et</span> <span class='ocrx_word' id='word_1_92' title='bbox 1048 1947 1293 2044; x_wconf 85' lang='lat' dir='ltr'>innominati</span> <span class='ocrx_word' id='word_1_93' title='bbox 1415 1965 1416 2020; x_wconf 69' lang='lat' dir='ltr'>t</span> 
     </span>
    </p>
   </div>
   <div class='ocr_carea' id='block_1_6' title="bbox 200 2067 1291 2797">
    <p class='ocr_par' dir='ltr' id='par_1_6' title="bbox 280 2067 1290 2415">
     <span class='ocr_line' id='line_1_15' title="bbox 281 2067 1290 2162; baseline -0.019 -6"><span class='ocrx_word' id='word_1_94' title='bbox 281 2107 374 2156; x_wconf 76' lang='lat' dir='ltr'>ossis</span> <span class='ocrx_word' id='word_1_95' title='bbox 387 2075 625 2151; x_wconf 87' lang='lat' dir='ltr'>acetabulum</span> <span class='ocrx_word' id='word_1_96' title='bbox 643 2067 851 2142; x_wconf 91' lang='lat' dir='ltr'>intercedit</span> <span class='ocrx_word' id='word_1_97' title='bbox 871 2071 953 2138; x_wconf 89' lang='lat' dir='ltr'>Huc</span> <span class='ocrx_word' id='word_1_98' title='bbox 966 2089 1130 2162; x_wconf 91' lang='lat' dir='ltr'>sequens</span> <span class='ocrx_word' id='word_1_99' title='bbox 1140 2079 1290 2162; x_wconf 86' lang='lat' dir='ltr'>specta</span> 
     </span>
     <span class='ocr_line' id='line_1_16' title="bbox 280 2181 1288 2292; baseline -0.018 -20"><span class='ocrx_word' id='word_1_100' title='bbox 280 2202 338 2272; x_wconf 89' lang='lat' dir='ltr'>bit</span> <span class='ocrx_word' id='word_1_101' title='bbox 351 2195 521 2280; x_wconf 87' lang='lat' dir='ltr'>historia,</span> <span class='ocrx_word' id='word_1_102' title='bbox 540 2189 745 2292; x_wconf 86' lang='lat' dir='ltr'>peculiaria</span> <span class='ocrx_word' id='word_1_103' title='bbox 761 2183 931 2284; x_wconf 88' lang='lat' dir='ltr'>quaedam</span> <span class='ocrx_word' id='word_1_104' title='bbox 951 2181 1120 2272; x_wconf 81' lang='lat' dir='ltr'>habens,</span> <span class='ocrx_word' id='word_1_105' title='bbox 1142 2207 1230 2280; x_wconf 85' lang='lat' dir='ltr'>quae</span> <span class='ocrx_word' id='word_1_106' title='bbox 1247 2185 1288 2254; x_wconf 91' lang='lat' dir='ltr'>in</span> 
     </span>
     <span class='ocr_line' id='line_1_17' title="bbox 282 2304 772 2415; baseline -0.04 -21"><span class='ocrx_word' id='word_1_107' title='bbox 282 2317 430 2415; x_wconf 78' lang='lat' dir='ltr'>scriptis</span> <span class='ocrx_word' id='word_1_108' title='bbox 443 2313 532 2386; x_wconf 86' lang='lat' dir='ltr'>alias</span> <span class='ocrx_word' id='word_1_109' title='bbox 548 2334 627 2380; x_wconf 90' lang='lat' dir='ltr'>non</span> <span class='ocrx_word' id='word_1_110' title='bbox 640 2304 772 2406; x_wconf 68' lang='lat' dir='ltr'>legisti.</span> 
     </span>
    </p>

    <p class='ocr_par' dir='ltr' id='par_1_7' title="bbox 200 2419 1291 2765">
     <span class='ocr_line' id='line_1_18' title="bbox 342 2419 1291 2518; baseline -0.02 -11"><span class='ocrx_word' id='word_1_111' title='bbox 342 2457 399 2508; x_wconf 78' lang='lat' dir='ltr'>ro</span> <span class='ocrx_word' id='word_1_112' title='bbox 412 2429 557 2504; x_wconf 85' lang='lat' dir='ltr'>Mulier</span> <span class='ocrx_word' id='word_1_113' title='bbox 581 2447 702 2496; x_wconf 86' lang='lat' dir='ltr'>annos</span> <span class='ocrx_word' id='word_1_114' title='bbox 722 2436 809 2494; x_wconf 89' lang='lat' dir='ltr'>nata</span> <span class='ocrx_word' id='word_1_115' title='bbox 839 2433 981 2518; x_wconf 88' lang='lat' dir='ltr'>septem</span> <span class='ocrx_word' id='word_1_116' title='bbox 1011 2433 1048 2490; x_wconf 91' lang='lat' dir='ltr'>et</span> <span class='ocrx_word' id='word_1_117' title='bbox 1069 2419 1291 2516; x_wconf 85' lang='lat' dir='ltr'>septuagin-</span> 
     </span>
     <span class='ocr_line' id='line_1_19' title="bbox 282 2533 1290 2643; baseline -0.022 -15"><span class='ocrx_word' id='word_1_118' title='bbox 282 2570 338 2643; x_wconf 91' lang='lat' dir='ltr'>ta,</span> <span class='ocrx_word' id='word_1_119' title='bbox 356 2553 395 2622; x_wconf 90' lang='lat' dir='ltr'>in</span> <span class='ocrx_word' id='word_1_120' title='bbox 417 2549 543 2622; x_wconf 89' lang='lat' dir='ltr'>lucem</span> <span class='ocrx_word' id='word_1_121' title='bbox 574 2544 672 2615; x_wconf 87' lang='lat' dir='ltr'>edita</span> <span class='ocrx_word' id='word_1_122' title='bbox 697 2539 842 2625; x_wconf 79' lang='lat' dir='ltr'>luerat,</span> <span class='ocrx_word' id='word_1_123' title='bbox 874 2551 911 2610; x_wconf 89' lang='lat' dir='ltr'>et</span> <span class='ocrx_word' id='word_1_124' title='bbox 934 2537 1088 2622; x_wconf 83' lang='lat' dir='ltr'>vixerat</span> <span class='ocrx_word' id='word_1_125' title='bbox 1105 2559 1223 2624; x_wconf 88' lang='lat' dir='ltr'>sana,</span> <span class='ocrx_word' id='word_1_126' title='bbox 1241 2533 1290 2606; x_wconf 86' lang='lat' dir='ltr'>fi-</span> 
     </span>
     <span class='ocr_line' id='line_1_20' title="bbox 200 2651 1289 2797; baseline -0.025 -49"><span class='ocrx_word' id='word_1_127' title='bbox 200 2739 202 2747; x_wconf 37' lang='lat'>,</span> <span class='ocrx_word' id='word_1_128' title='bbox 281 2675 374 2746; x_wconf 89' lang='lat' dir='ltr'>lium</span> <span class='ocrx_word' id='word_1_129' title='bbox 394 2688 545 2797; x_wconf 88' lang='lat' dir='ltr'>quoque</span> <span class='ocrx_word' id='word_1_130' title='bbox 563 2660 722 2733; x_wconf 85' lang='lat' dir='ltr'>feliciter</span> <span class='ocrx_word' id='word_1_131' title='bbox 743 2668 953 2755; x_wconf 89' lang='lat' dir='ltr'>pepererat.</span> <span class='ocrx_word' id='word_1_132' title='bbox 970 2651 1144 2725; x_wconf 88' lang='lat' dir='ltr'>Secundo</span> <span class='ocrx_word' id='word_1_133' title='bbox 1158 2665 1289 2732; x_wconf 84' lang='lat' dir='ltr'>autem</span> 
     </span>
    </p>
   </div>
   <div class='ocr_carea' id='block_1_7' title="bbox 279 2768 1290 2994">
    <p class='ocr_par' dir='ltr' id='par_1_8' title="bbox 279 2768 1290 2994">
     <span class='ocr_line' id='line_1_21' title="bbox 281 2768 1290 2889; baseline -0.029 -27"><span class='ocrx_word' id='word_1_134' title='bbox 281 2803 392 2889; x_wconf 90' lang='lat' dir='ltr'>partu</span> <span class='ocrx_word' id='word_1_135' title='bbox 423 2783 490 2882; x_wconf 93' lang='lat' dir='ltr'>qui</span> <span class='ocrx_word' id='word_1_136' title='bbox 519 2777 763 2853; x_wconf 85' lang='lat' dir='ltr'>difficillimus</span> <span class='ocrx_word' id='word_1_137' title='bbox 799 2771 882 2874; x_wconf 80' lang='lat' dir='ltr'>luit,</span> <span class='ocrx_word' id='word_1_138' title='bbox 914 2771 1023 2842; x_wconf 83' lang='lat' dir='ltr'>enixa</span> <span class='ocrx_word' id='word_1_139' title='bbox 1046 2768 1163 2840; x_wconf 89' lang='lat' dir='ltr'>filiam</span> <span class='ocrx_word' id='word_1_140' title='bbox 1185 2769 1290 2866; x_wconf 76' lang='lat' dir='ltr'>(quae</span> 
     </span>
     <span class='ocr_line' id='line_1_22' title="bbox 279 2886 1289 2994; baseline -0.022 -17"><span class='ocrx_word' id='word_1_141' title='bbox 279 2907 361 2978; x_wconf 87' lang='lat' dir='ltr'>haec</span> <span class='ocrx_word' id='word_1_142' title='bbox 388 2895 567 2994; x_wconf 87' lang='lat' dir='ltr'>narravit)</span> <span class='ocrx_word' id='word_1_143' title='bbox 596 2891 792 2986; x_wconf 84' lang='lat' dir='ltr'>doloribus</span> <span class='ocrx_word' id='word_1_144' title='bbox 818 2889 866 2959; x_wconf 90' lang='lat' dir='ltr'>ad</span> <span class='ocrx_word' id='word_1_145' title='bbox 894 2886 1134 2960; x_wconf 91' lang='lat' dir='ltr'>ischiadicam</span> <span class='ocrx_word' id='word_1_146' title='bbox 1161 2889 1289 2984; x_wconf 86' lang='lat' dir='ltr'>regio-</span> 
     </span>
    </p>
   </div>
   <div class='ocr_carea' id='block_1_8' title="bbox 278 3003 1287 3584">
    <p class='ocr_par' dir='ltr' id='par_1_9' title="bbox 278 3003 1287 3584">
     <span class='ocr_line' id='line_1_23' title="bbox 279 3003 1287 3108; baseline -0.018 -13"><span class='ocrx_word' id='word_1_147' title='bbox 279 3047 368 3095; x_wconf 88' lang='lat' dir='ltr'>nem</span> <span class='ocrx_word' id='word_1_148' title='bbox 386 3020 575 3091; x_wconf 84' lang='lat' dir='ltr'>dexteram</span> <span class='ocrx_word' id='word_1_149' title='bbox 592 3010 733 3108; x_wconf 83' lang='lat' dir='ltr'>corripi</span> <span class='ocrx_word' id='word_1_150' title='bbox 750 3008 878 3104; x_wconf 86' lang='lat' dir='ltr'>coepit,</span> <span class='ocrx_word' id='word_1_151' title='bbox 896 3020 932 3076; x_wconf 93' lang='lat' dir='ltr'>et</span> <span class='ocrx_word' id='word_1_152' title='bbox 952 3003 1176 3076; x_wconf 86' lang='lat' dir='ltr'>claudicare.</span> <span class='ocrx_word' id='word_1_153' title='bbox 1197 3009 1287 3078; x_wconf 82' lang='lat' dir='ltr'>Haec</span> 
     </span>
     <span class='ocr_line' id='line_1_24' title="bbox 279 3124 1286 3235; baseline -0.022 -21"><span class='ocrx_word' id='word_1_154' title='bbox 279 3141 375 3214; x_wconf 89' lang='lat' dir='ltr'>mala</span> <span class='ocrx_word' id='word_1_155' title='bbox 394 3160 518 3235; x_wconf 88' lang='lat' dir='ltr'>neque</span> <span class='ocrx_word' id='word_1_156' title='bbox 532 3155 591 3204; x_wconf 89' lang='lat' dir='ltr'>ars</span> <span class='ocrx_word' id='word_1_157' title='bbox 609 3129 696 3200; x_wconf 90' lang='lat' dir='ltr'>ullis</span> <span class='ocrx_word' id='word_1_158' title='bbox 705 3124 894 3210; x_wconf 90' lang='lat' dir='ltr'>remediis,</span> <span class='ocrx_word' id='word_1_159' title='bbox 906 3136 1194 3220; x_wconf 88' lang='lat' dir='ltr'>nequenatura,</span> <span class='ocrx_word' id='word_1_160' title='bbox 1214 3124 1286 3195; x_wconf 91' lang='lat' dir='ltr'>etsi</span> 
     </span>
     <span class='ocr_line' id='line_1_25' title="bbox 278 3237 1285 3350; baseline -0.023 -17"><span class='ocrx_word' id='word_1_161' title='bbox 278 3259 429 3344; x_wconf 78' lang='lat' dir='ltr'>tertiuS,</span> <span class='ocrx_word' id='word_1_162' title='bbox 450 3266 682 3350; x_wconf 85' lang='lat' dir='ltr'>quartusque</span> <span class='ocrx_word' id='word_1_163' title='bbox 698 3258 827 3342; x_wconf 87' lang='lat' dir='ltr'>partus</span> <span class='ocrx_word' id='word_1_164' title='bbox 843 3239 930 3312; x_wconf 86' lang='lat' dir='ltr'>felix</span> <span class='ocrx_word' id='word_1_165' title='bbox 948 3237 1034 3326; x_wconf 84' lang='lat' dir='ltr'>luit,</span> <span class='ocrx_word' id='word_1_166' title='bbox 1058 3239 1194 3312; x_wconf 88' lang='lat' dir='ltr'>tollere</span> <span class='ocrx_word' id='word_1_167' title='bbox 1208 3265 1285 3311; x_wconf 90' lang='lat' dir='ltr'>un-</span> 
     </span>
     <span class='ocr_line' id='line_1_26' title="bbox 278 3359 1282 3476; baseline -0.023 -25"><span class='ocrx_word' id='word_1_168' title='bbox 278 3400 410 3476; x_wconf 85' lang='lat' dir='ltr'>quam,</span> <span class='ocrx_word' id='word_1_169' title='bbox 425 3383 488 3442; x_wconf 89' lang='lat' dir='ltr'>aut</span> <span class='ocrx_word' id='word_1_170' title='bbox 502 3369 672 3446; x_wconf 85' lang='lat' dir='ltr'>minuere</span> <span class='ocrx_word' id='word_1_171' title='bbox 692 3373 920 3474; x_wconf 89' lang='lat' dir='ltr'>potuerunt:</span> <span class='ocrx_word' id='word_1_172' title='bbox 912 3359 1032 3454; x_wconf 82' lang='lat' dir='ltr'>quin</span> <span class='ocrx_word' id='word_1_173' title='bbox 1052 3381 1148 3453; x_wconf 84' lang='lat' dir='ltr'>saepe</span> <span class='ocrx_word' id='word_1_174' title='bbox 1167 3359 1282 3430; x_wconf 88' lang='lat' dir='ltr'>etiam</span> 
     </span>
     <span class='ocr_line' id='line_1_27' title="bbox 279 3474 1285 3584; baseline -0.019 -17"><span class='ocrx_word' id='word_1_175' title='bbox 279 3491 453 3576; x_wconf 87' lang='lat' dir='ltr'>cadebat,</span> <span class='ocrx_word' id='word_1_176' title='bbox 468 3483 572 3584; x_wconf 91' lang='lat' dir='ltr'>quod</span> <span class='ocrx_word' id='word_1_177' title='bbox 592 3480 744 3580; x_wconf 89' lang='lat' dir='ltr'>pondus</span> <span class='ocrx_word' id='word_1_178' title='bbox 762 3476 932 3574; x_wconf 88' lang='lat' dir='ltr'>corporis</span> <span class='ocrx_word' id='word_1_179' title='bbox 947 3475 1034 3546; x_wconf 87' lang='lat' dir='ltr'>satis</span> <span class='ocrx_word' id='word_1_180' title='bbox 1049 3474 1162 3544; x_wconf 89' lang='lat' dir='ltr'>firme</span> <span class='ocrx_word' id='word_1_181' title='bbox 1176 3491 1285 3548; x_wconf 84' lang='lat' dir='ltr'>artus</span> 
     </span>
    </p>
   </div>
   <div class='ocr_carea' id='block_1_9' title="bbox 279 3592 1283 3694">
    <p class='ocr_par' dir='ltr' id='par_1_10' title="bbox 279 3592 1283 3694">
     <span class='ocr_line' id='line_1_28' title="bbox 279 3592 1283 3694; baseline -0.021 -10"><span class='ocrx_word' id='word_1_182' title='bbox 279 3613 408 3684; x_wconf 86' lang='lat' dir='ltr'>dexter</span> <span class='ocrx_word' id='word_1_183' title='bbox 416 3631 492 3677; x_wconf 89' lang='lat' dir='ltr'>non</span> <span class='ocrx_word' id='word_1_184' title='bbox 501 3601 624 3674; x_wconf 89' lang='lat' dir='ltr'>lerret</span> <span class='ocrx_word' id='word_1_185' title='bbox 639 3595 830 3694; x_wconf 88' lang='lat' dir='ltr'>Denique</span> <span class='ocrx_word' id='word_1_186' title='bbox 823 3619 862 3664; x_wconf 88' lang='lat'>111</span> <span class='ocrx_word' id='word_1_187' title='bbox 880 3592 1146 3663; x_wconf 88' lang='lat' dir='ltr'>nosocomium</span> <span class='ocrx_word' id='word_1_188' title='bbox 1162 3617 1283 3692; x_wconf 92' lang='lat' dir='ltr'>prop-</span> 
     </span>
    </p>
   </div>
   <div class='ocr_carea' id='block_1_10' title="bbox 277 3809 1281 3850">
    <p class='ocr_par' dir='ltr' id='par_1_11' title="bbox 277 3809 1281 3850">
     <span class='ocr_line' id='line_1_29' title="bbox 277 3809 1281 3850; baseline -0.026 1"><span class='ocrx_word' id='word_1_189' title='bbox 277 3809 1281 3850; x_wconf 48' lang='grc' dir='ltr'>ΝΜ</span> 
     </span>
    </p>
   </div>
   <div class='ocr_carea' id='block_1_11' title="bbox 316 3918 984 4050">
    <p class='ocr_par' dir='ltr' id='par_1_12' title="bbox 316 3918 984 4050">
     <span class='ocr_line' id='line_1_30' title="bbox 316 3918 984 4050; baseline -0.027 -19"><span class='ocrx_word' id='word_1_190' title='bbox 316 3970 360 4050; x_wconf 85' lang='grc' dir='ltr'><strong>(ι)</strong></span> <span class='ocrx_word' id='word_1_191' title='bbox 379 3968 473 4050; x_wconf 85' lang='lat' dir='ltr'>Epist.</span> <span class='ocrx_word' id='word_1_192' title='bbox 490 3967 543 4046; x_wconf 74' lang='lat'>62,</span> <span class='ocrx_word' id='word_1_193' title='bbox 558 3986 589 4024; x_wconf 89' lang='grc' dir='ltr'>ιι.</span> <span class='ocrx_word' id='word_1_194' title='bbox 610 3979 658 4034; x_wconf 81' lang='grc' dir='ltr'><strong>ιι,</strong></span> <span class='ocrx_word' id='word_1_195' title='bbox 669 3918 701 4026; x_wconf 66' lang='lat' dir='ltr'>et</span> <span class='ocrx_word' id='word_1_196' title='bbox 713 3959 806 4038; x_wconf 85' lang='lat' dir='ltr'>Epist.</span> <span class='ocrx_word' id='word_1_197' title='bbox 821 3959 874 4032; x_wconf 81' lang='lat'>63,</span> <span class='ocrx_word' id='word_1_198' title='bbox 889 3977 919 4015; x_wconf 87' lang='lat' dir='ltr'>n.</span> <span class='ocrx_word' id='word_1_199' title='bbox 937 3975 984 4034; x_wconf 79' lang='lat'>19.</span> 
     </span>
    </p>
   </div>
   <div class='ocr_carea' id='block_1_12' title="bbox 0 0 1422 4648">
    <p class='ocr_par' dir='ltr' id='par_1_13' title="bbox 0 0 1422 4648">
     <span class='ocr_line' id='line_1_31' title="bbox 0 0 1422 4648; baseline 0 2"><span class='ocrx_word' id='word_1_200' title='bbox 0 0 1422 4648; x_wconf 95' lang='lat' dir='ltr'> </span> 
     </span>
    </p>
   </div>
  </div>
 </body>
</html>
