2782 4652
81 519 199 572 -n1s.v.
210 509 448 598 nuunnururs
458 512 581 562 sumn.
591 473 900 578 sorsmonmrtsr.
911 512 1011 562 mni.
1026 491 1103 580 485·
1119 531 1120 538 1

91 635 293 733 speximus.
325 635 397 704 Fac
423 630 540 728 igitur
567 627 739 702 conferas
765 629 947 703 cumillis
973 657 1099 729 quaea

89 751 280 825 virulenta
293 748 524 850 gonorrhoea
533 745 853 845 alias(1)vidimus
863 771 947 823 csse
958 749 1098 824 relicta.

89 875 287 941 Exstantes
319 881 409 942 tuuc
445 891 601 966 quoque
627 866 667 939 in
699 864 854 938 urethra
887 866 1029 958 lineas,
1062 884 1100 939 et

92 986 420 1075 canaliculorum,
437 984 580 1058 nedum
598 999 812 1072 contracta,
828 984 893 1057 sed
903 983 1109 1058 obliterata·

87 1106 242 1200 crificia
258 1104 465 1176 occurrisse
483 1101 597 1176 uobis
615 1102 734 1200 leges,
762 1102 866 1174 unde
883 1127 1101 1202 praegressas

93 1223 396 1297 exulcerationes
426 1221 722 1317 conjiceremus,
750 1219 952 1309 etobiceS,
979 1243 1022 1292 ac
1046 1221 1103 1292 lo·

92 1342 168 1428 tio',
197 1339 378 1412 catheteri
397 1363 436 1411 se
452 1354 709 1437 opponentes,
735 1354 862 1437 etpro
891 1341 1104 1413 carunculis

93 1481 299 1557 perperam
324 1457 458 1554 sepius
475 1455 614 1544 habiti,
643 1455 737 1553 quid
755 1471 894 1544 essent,
913 1460 1105 1557 perspice-

93 1600 238 1648 remus.
251 1579 308 1651 Dc
324 1573 524 1648 cavernula
542 1589 667 1646 autem
685 1575 867 1673 sanguine
882 1575 992 1672 plena
1005 1578 1042 1645 in
1058 1599 1103 1648 eo

96 1692 249 1780 cerebri
277 1690 541 1790 hemisphaerio
568 1690 672 1789 quod
695 1690 862 1764 resoluto
895 1707 974 1764 erat
1007 1695 1104 1764 artui

96 1811 335 1908 oppositum,
354 1809 602 1908 proximaque
619 1811 749 1882 striato
768 1809 936 1906 corpori,
963 1823 1000 1879 et
1021 1809 1105 1880 tha·-

97 1928 202 2000 lamo
223 1927 330 1998 nervi
353 1926 469 2024 optici
488 1924 740 2024 deprehensa,
758 1947 838 1996 non
859 1949 955 2024 opus
978 1941 1033 1997 est
1048 1927 1105 1998 in-

98 2045 248 2132 dicem,
275 2041 504 2142 quibuscum
534 2067 580 2115 ex
609 2043 748 2115 nostris
782 2042 1108 2116 observationibus

99 2163 224 2262 possis
243 2177 483 2259 comparare,
498 2185 587 2234 cum
601 2159 641 2231 id
657 2158 809 2233 fecerim
830 2161 1043 2234 novissimis
1060 2161 1107 2238 ad

99 2270 352 2376 telittcrism).
367 2283 423 2351 De
432 2275 578 2351 funesta
587 2301 678 2350 vero
694 2302 739 2350 ex
752 2279 931 2352 ebrietate
941 2277 1108 2377 aphonia

101 2405 193 2470 cum
218 2421 336 2497 supra·
358 2395 412 2494 (3)
433 2395 641 2470 indicatum
662 2399 710 2470 sit
734 2395 802 2468 ubi
824 2398 1055 2496 scripserim,
1079 2397 1110 2468 si
1187 2423 1191 2432 ·

102 2513 304 2588 historiam
314 2513 415 2586 illam
428 2539 516 2587 cum
537 2514 610 2588 hac
624 2505 886 2603 contenderim
906 2529 1110 2612 utrumque
1141 2537 1146 2546 ·

101 2629 303 2714 'hominem
314 2631 413 2712 intra
421 2630 521 2702 idem
530 2628 647 2704 ferme
663 2647 811 2729 tempus
822 2655 900 2703 csse
915 2646 1109 2732 mortuum

105 2745 402 2836 animadvertes,
417 2761 624 2846 utrumque
642 2747 723 2820 siue
741 2743 1004 2837 convulsione,
1021 2749 1111 2820 'altc-

104 2884 198 2953 rum¹
215 2865 331 2938 etiam
360 2891 447 2938 cum
473 2863 589 2942 febris
613 2865 688 2938 cito
724 2866 988 2964 corripuisset;
1012 2882 1054 2938 ut
1080 2867 1111 2938 si

106 2981 244 3056 haecad
259 2981 521 3086 hippocratica
533 2982 709 3080 dogmata
719 3035 730 3072 ,
740 2983 1108 3080 quaetuncproduxi,

103 3101 202 3174 velis
211 3101 373 3200 exigere:
384 3099 442 3172 vel
454 3099 544 3172 hinc
556 3099 741 3197 intelligas
752 3153 763 3189 ,
775 3123 890 3198 quam
904 3123 1021 3199 pauca
1027 3125 1110 3172 exs-

109 3233 193 3292 tent
200 3217 436 3290 medicorum
452 3216 590 3290 dictata
606 3242 691 3316 quae
706 3218 785 3290 siue
804 3217 882 3290 ulla
891 3221 1112 3318 exceptione

111 3336 235 3433 possis
252 3335 432 3434 accipere.
447 3325 564 3407 Etiam
581 3355 663 3434 quae
678 3333 725 3409 de
743 3333 849 3408 febre
864 3335 1000 3408 tradita
1012 3351 1126 3446 suntw
1161 3397 1179 3418 „

111 3453 370 3551 apoplexiam,
389 3454 450 3526 cui
465 3455 719 3553 superveniat,
735 3455 926 3545 solvente,
939 3477 1019 3526 non
1035 3456 1116 3526 sine

153 3752 199 3830 (ι)
218 3753 290 3811 viu.
301 3753 387 3829 epist.
406 3758 458 3825 ia,
474 3773 506 3812 u.
522 3759 578 3832 41,
593 3767 624 3815 et
635 3755 721 3833 epist.
736 3763 794 3831 44,
810 3775 841 3814 n.
854 3775 873 3831 9
886 3796 894 3828 ,
908 3765 937 3811 et
951 3707 1041 3830 ¹epist.
1057 3753 1121 3824 δα,

117 3869 146 3908 1.
165 3871 211 3908 ra.
454 3862 457 3871 ¹
1030 3855 1038 3862 '

119 3951 122 3960 ⁴
156 3947 198 4030 (a)
220 3951 315 4026 Epist.
328 3950 382 4025 62,
398 3973 429 4010 n.
446 3951 496 4010 13.

157 4047 202 4130 (3)
224 4053 262 4110 tt.
286 4067 337 4108 m.
