2858 4658
330 405 378 488 50
497 423 545 506 nr
569 423 715 476 sumnus
740 423 784 470 ur
809 415 1168 478 csus1ss'tomonmr

272 597 275 603 -
326 546 420 632 tire,
439 542 512 616 nisi
530 539 682 614 eosdem
701 539 859 636 insuper
872 535 1178 614 circumforaneae
1192 543 1341 616 vanita-

325 663 373 736 tis
388 715 397 751 ,
411 663 449 738 ,si
460 659 611 757 Superis
625 657 764 755 placet,
781 672 994 754 arguerent.

380 780 433 852 16.
455 777 643 850 Senatoris
659 775 759 848 illius
779 776 1073 872 prestantissimi
1095 774 1213 848 modo
1238 776 1337 853 facta

323 899 466 973 mentio
483 917 563 966 rem
584 895 623 964 in
643 894 864 964 memoriam
890 891 1044 991 redigit,
1062 892 1110 964 ad
1132 893 1334 972 abscessus

324 1015 590 1117 pertinentem.
625 1012 766 1084 Docuit
795 1009 951 1110 quidem
980 1013 1230 1110 Hippocrates
1255 1014 1334 1113 (1),

323 1132 414 1204 dum
433 1155 507 1229 pus
530 1129 745 1226 conficitur,
773 1126 925 1200 dolores
951 1153 997 1200 ao
1012 1131 1144 1222 febres
1164 1133 1335 1206 occidere

321 1250 462 1348 magis,
482 1271 597 1344 quam
606 1249 694 1343 jam
709 1248 890 1337 confecto.
917 1245 961 1316 Id
978 1261 1106 1332 tamen
1128 1262 1171 1320 ut
1189 1273 1274 1347 quae
1291 1253 1331 1324 in

246 1411 249 1418 .
320 1365 495 1468 pluribus
525 1388 679 1463 quoque
712 1364 794 1435 aliis
826 1362 1072 1461 aphmismis,
1102 1365 1331 1468 plerumque

320 1509 401 1560 esse
416 1509 570 1572 verum,
588 1506 666 1554 uon
684 1505 855 1581 semper,
871 1481 931 1553 vel
951 1483 1031 1579 ipse
1048 1479 1328 1581 epidemiorum

317 1604 417 1678 libro
431 1607 478 1675 IV
504 1600 558 1696 (ni
577 1597 819 1698 significavit,
845 1599 876 1670 si
901 1623 981 1670 non
999 1599 1067 1672 ubi
1088 1615 1257 1676 maturos
1288 1606 1329 1677 in

319 1721 464 1794 morbis
487 1718 680 1792 abscessus
697 1716 904 1848 quosdam,
924 1718 1090 1816 scripsit,
1119 1721 1200 1794 sine
1220 1719 1328 1796 febre
1372 1702 1381 1721 s

319 1851 357 1917 et
376 1839 483 1912 facile
503 1835 617 1926 ferri3
641 1834 714 1906 hoc
740 1835 841 1906 enim
863 1836 1069 1908 Martianus
1092 1835 1147 1934 (3)
1171 1837 1218 1910 de
1238 1863 1327 1940 sup·

318 1958 480 2058 puratis,
496 1979 576 2025 non
597 1967 639 2025 ut
654 1951 899 2048 Vallesiusffi)
914 1951 998 2026 de
975 1976 1020 2026 us
1033 1953 1098 2050 qui
1111 1971 1325 2054 suppuran-

314 2091 396 2162 tur,
416 2070 677 2171 accipiendum
695 2093 774 2142 esse
797 2068 1011 2158 contendit,
1030 2085 1069 2144 at
1081 2092 1173 2144 mox
1200 2089 1323 2166 certe,

315 2207 480 2290 utroque
496 2213 629 2261 eorum
646 2187 924 2300 consentiente,
945 2186 1013 2260 ubi
1034 2181 1215 2264 Leambio
1235 2209 1324 2292 post

315 2310 567 2407 dysenteriam
585 2307 778 2378 horterum
796 2319 834 2376 et
845 2303 969 2378 sedem
989 2307 1208 2382 emulcerata
1224 2335 1319 2400 esse,

314 2431 384 2518 ait,
400 2433 492 2500 citra
495 2425 657 2518 febrem.
671 2427 750 2496 Nos
767 2447 920 2523 quoque
933 2425 973 2496 in
988 2446 1034 2498 eo
1045 2441 1218 2500 senatore
1231 2450 1321 2502 cum

312 2546 443 2618 tibiam
463 2543 509 2616 ab
535 2567 614 2612 non
631 2543 775 2614 recenti
799 2541 1003 2633 oedemam,
1030 2559 1068 2618 et
1090 2543 1138 2617 ab
1154 2545 1320 2620 levi-nu*

310 2687 402 2764 pera
418 2661 657 2747 contusione,
679 2681 792 2756 quam
818 2660 996 2757 exiguum
1017 2660 1075 2736 ¹ibi
1097 2665 1318 2761 erysipelas,

226 2841 235 2856 ,
310 2797 348 2854 et
368 2780 516 2851 modica
535 2775 650 2850 febris
664 2792 868 2848 consecuta
888 2775 1057 2868 fuerant,
1072 2780 1151 2874 jam
1166 2795 1319 2858 tumen.

310 2913 407 2984 tem,
427 2919 515 2967 mox
535 2893 689 2994 quidem
712 2895 829 2992 magis
853 2896 1047 2992 magisque
1066 2897 1318 2974 intumescere

308 3006 543 3101 rideremus,
573 3011 716 3083 nullam
737 3027 861 3084 autem
887 3013 1118 3110 peculiarem
1140 3014 1315 3108 febrem,
1405 3015 1407 3105 J

307 3131 433 3204 nullos
449 3132 616 3230 rigores,
641 3129 791 3204 nullum
819 3129 982 3218 doloris,
1010 3132 1169 3223 caloris,
1188 3136 1315 3233 pulsa·

306 3251 421 3323 tionis
438 3265 589 3321 sensum
609 3267 726 3346 aeger,
744 3263 807 3320 aut
821 3270 892 3320 uos
907 3249 1313 3328 animadverteremus:
1402 3281 1403 3319 i

303 3393 374 3466 pus
395 3383 520 3439 tamen
545 3369 687 3438 interea
708 3364 870 3456 confici,
902 3370 1084 3466 suspicari
1103 3373 1288 3468 coepimus
1300 3427 1312 3463 ,
1374 3462 1377 3467 Ι
1401 3353 1402 3356 ¹

357 3672 437 3750 1.)S
452 3691 468 3727 n
478 3674 633 3748 ,.aph47.
842 3737 844 3744 Ι

370 3773 441 3851 )Ν.
458 3791 510 3842 as,
526 3773 607 3846 apud
620 3764 768 3826 Marinell.

369 3873 513 3950 )Annot.
531 3871 664 3926 adhunc
680 3872 790 3926 locum

350 3971 380 4051 4)
401 3974 516 4030 Comm.
533 3971 571 4027 ad
586 3970 685 4027 eumd.
701 3971 810 4027 locum.
825 3969 877 4046 qui
890 3969 948 4047 ipsi
964 3981 1018 4030 est.
1031 3991 1062 4028 n.
1076 3969 1127 4050 95.

340 3671 369 3752 (¹

337 3773 368 3850 (2

335 3873 367 3949 (3

335 3971 348 4052 (
