2858 4660
132 471 489 527 Llu.v.1)1senb1·:1tms
500 473 623 522 ιιιιιι.
634 449 823 520 seruator.
835 473 1050 538 errsruxu„
1064 445 1133 550 [24'7

131 607 282 678 rentur,
298 587 414 686 idque
438 611 484 659 ex
494 611 547 658 eo
577 602 749 684 tempore
769 610 845 684 quo
864 589 1042 662 ministris
1059 591 1136 663 suis
1211 607 1215 614 '

88 803 91 805 .
130 709 228 808 quid
244 707 316 782 sibi
332 721 569 838 contigisset
593 721 817 776 narraverat.
843 710 887 777 Se
907 722 1032 778 tamen
1050 735 1144 808 cog·

130 849 310 913 noscere,
330 840 367 900 et
382 839 637 896 internoscere
666 821 871 910 adstantes,
890 824 1130 898 ostendebat:

132 948 312 1042 eigestu,
330 967 416 1014 eum
445 955 613 1042 poterat,
640 951 855 1037 gravantem
875 943 1006 1038 capitis
1027 943 1136 1014 dolo-

131 1085 214 1134 rem
247 1059 450 1132 molestum
488 1056 559 1130 sibi
592 1081 671 1129 esse
701 1056 901 1129 indicabat.
933 1059 1003 1130 Per
1037 1060 1154 1152 haec,

131 1177 275 1277 quibus
290 1175 427 1248 frustra
443 1176 593 1247 interna
608 1171 698 1262 alia,
717 1189 945 1272 externaque
965 1201 1136 1276 oppone·

131 1295 276 1368 bantur
295 1291 485 1380 remedia,
504 1293 603 1364 intra
622 1315 703 1378 sex,
725 1315 773 1362 an
794 1308 937 1390 septem
955 1293 1034 1367 dies
1049 1321 1140 1368 con·

132 1411 254 1486 fectus
273 1426 329 1482 est
352 1407 473 1508 pridie
497 1409 565 1479 cal.
591 1407 798 1482 februarias
825 1413 915 1481 antri
942 1396 1043 1511 1747·
1070 1419 1141 1486 Ca-

131 1530 306 1615 daveris,
337 1543 378 1598 ut
396 1525 588 1624 publicam
608 1539 808 1599 anatomen
827 1528 1106 1619 absolverem,
1097 1557 1139 1604 ιιι

132 1647 369 1747 gymnasium
389 1643 568 1743 postridie
577 1643 687 1731 allati
700 1643 854 1716 brachia
869 1647 1138 1763 quidemerant

132 1790 214 1838 non
233 1763 369 1862 rigida,
385 1763 451 1836 sed
467 1786 649 1834 manuum
667 1762 773 1860 drgitr
784 1763 1008 1862 rigidissimi
1012 1733 1138 1840 Penis

132 1901 171 1958 et
192 1897 381 1968 scrotum,
403 1879 567 1957 sedente
585 1896 696 1954 tenus
708 1881 976 1979 ,nigricabaut
996 1887 1140 1957 Ventre
1189 1878 1195 1885 ¹

132 2015 281 2100 aperto,
307 2013 344 2070 et
360 2012 536 2082 omenta,
556 1997 664 2094 cujus
679 1998 809 2096 exigua
827 1999 1019 2096 pinguedo
1039 2017 1139 2092 erat,

134 2115 309 2203 sublat0;
325 2115 439 2186 colon
449 2115 692 2201 intestinum,
708 2113 813 2211 quod
830 2114 877 2186 ab
892 2140 976 2188 aere
994 2112 1143 2189 incluso

133 2232 214 2308 fere
224 2231 387 2329 ubique,
402 2253 471 2305 nec
485 2246 611 2303 tamen
621 2231 755 2316 nimis,
774 2231 959 2322 tumebat,
972 2235 1142 2306 animad-

132 2353 230 2425 verti
249 2351 301 2422 sic
318 2341 516 2434 incedere,
541 2364 584 2420 ut
597 2365 796 2447 postquam
818 2349 871 2420 ad·
884 2351 993 2446 jecur
1011 2377 1141 2425 ascen·
1185 2398 1190 2410 ·

133 2471 266 2555 derat,
293 2465 382 2569 iude
415 2473 454 2540 so
470 2465 692 2538 demitteret
717 2465 816 2538 infra
844 2467 1068 2568 umbilicum
1094 2471 1144 2544 ad

132 2589 235 2660 duos
249 2601 372 2662 tresve
393 2583 529 2684 digitos
541 2583 588 2657 ab
603 2569 757 2666 deutero
769 2585 883 2682 hujus
903 2586 1035 2678 latere3
1052 2588 1144 2662 hinc

86 2775 90 2798 ἴ
111 2727 240 2801 *vero
253 2728 338 2776 cum
354 2705 394 2772 in
418 2725 522 2786 suam
541 2699 713 2774 rediisset
732 2700 878 2790 sedem,
902 2727 1082 2803 eamque,
1101 2723 1144 2780 ut

132 2824 251 2911 solet,
280 2835 536 2892 transversum
572 2818 642 2892 sub
682 2819 914 2910 ventriculo,
942 2820 1143 2920 obliquum

134 2957 266 3015 autem
290 2939 331 3010 iu
348 2938 496 3023 sinistra
514 2934 797 3036 bypocbondrii
813 2939 953 3011 sinistri
967 2947 1094 3038 parte,
1108 2957 1147 3017 et

135 3073 287 3136 rectum
317 3081 387 3155 per
415 3071 532 3128 totam
558 3055 792 3132 anteriorem
824 3054 1148 3156 laciemsubjecti

136 3177 244 3251 reuis
263 3167 466 3260 servasset,
484 3173 573 3246 inde
595 3197 726 3247 ruistis
744 3175 783 3244 in
804 3173 904 3246 idem
923 3174 1149 3276 hypoehon-

137 3295 270 3369 drium
292 3289 576 3388 regrederetur,
610 3289 715 3364 uude
741 3292 877 3366 iterum
897 3291 1150 3386 descendens,

137 3411 362 3511 pelvimque
395 3405 568 3497 sobicus,
600 3409 682 3482 sine
709 3405 786 3480 ullo
817 3409 970 3491 flcxuin
1003 3428 1149 3484 rectum

137 3529 366 3603 intestinum
382 3523 519 3602 abibat.
548 3523 702 3598 Tenuia‘
720 3528 918 3615 intestina,
949 3529 980 3598 si
1009 3545 1155 3604 tractus

139 3669 277 3720 eorum
289 3641 493 3741 quosdam,
506 3643 589 3714 etin
608 3641 666 3714 his
681 3641 981 3741 partemileinon
997 3667 1150 3744 parvam

139 3766 358 3870 exciperes,
379 3782 462 3858 quae
476 3745 587 3844 ¹iutra
605 3761 745 3858 pelvim
771 3760 879 3838 valde
902 3757 1090 3860 profunde
1112 3787 1156 3837 se

142 3878 390 3967 demittebat,
403 3893 510 3952 eraut
524 3903 609 3950 aere
621 3879 797 3966 distenta,
810 3877 939 3974 ibique
948 3905 1017 3978 per
1023 3903 1157 3953 eorum

142 3995 456 4103 tunicasflsvedo
479 3999 678 4096 qua-intus
697 3993 838 4070 infecta
856 3998 1158 4097 erant,'transpi-
