2746 4662
291 432 361 516 140
449 447 668 518 maturans
692 453 741 502 ar
761 409 886 501 causis
911 451 1121 500 uonroaurr

286 563 459 639 nondum
473 567 645 664 pervenit
664 590 819 654 manns,
839 567 961 664 praecl.
980 547 1108 640 Weisii
1122 591 1133 655 ;
1148 565 1203 638 sic
1223 567 1288 638 mi·

178 759 180 764 ,
288 708 361 757 nus
380 683 515 756 dubito
536 687 629 782 quin
647 682 722 756 hoc
740 699 912 782 tempore
931 685 962 756 si
978 684 1064 782 quis
1087 681 1187 756 forte
1205 677 1287 757 scri-
1339 686 1342 697 '

287 801 394 876 beret
410 801 458 874 dc
474 799 710 904 variolarpm
734 802 915 899 reliquiis,
938 825 1019 873 nou
1046 817 1142 876 esset
1164 800 1289 889 facile,
1341 804 1345 815 '

285 936 329 992 ut
342 919 432 990 olim
451 921 492 990 in
510 919 880 1019 eodemargurnento
899 921 958 991 vir
974 921 1142 1018 alioquin
1153 919 1286 992 doctis·
1345 923 1347 942 ¹

286 1039 403 1110 simus
422 1040 608 1136 Georgius
627 1044 792 1111 Francus
812 1038 980 1137 (1)‚non
996 1039 1186 1111 rarissime
1205 1062 1289 1110 con-
1345 1046 1346 1049 ’

286 1155 495 1252 tingentem
521 1153 764 1256 epiphysium'
782 1156 1072 1252 disjunctionem
1091 1156 1293 1254 praeteritu-
1349 1149 1350 1166 ¹

287 1294 363 1344 rus.
382 1273 454 1345 Sed
468 1297 581 1346 nemo
595 1274 635 1343 in
652 1272 827 1372 pluribus
839 1274 967 1372 plures
982 1272 1111 1345 eadem
1129 1287 1291 1370 tempes-

285 1403 361 1461 tate
379 1389 578 1489 epiphyses
596 1389 644 1462 ab
664 1389 812 1464 ossibus
835 1389 885 1462 ob
909 1393 1118 1477 internam,
1139 1387 1296 1462 alterius
1348 1378 1351 1405 ³

285 1521 412 1580 tamen
432 1510 598 1607 generis,
622 1532 771 1581 causam
800 1509 1004 1606 disjunctas
1032 1507 1146 1596 vidit,
1178 1531 1293 1605 quam
1353 1503 1354 1512 ’

289 1629 513 1725 Poupartius
530 1625 584 1724 (a)
603 1628 643 1697 in
664 1651 802 1725 magno
818 1626 884 1699 illo
901 1625 1208 1700 scorbuticorum
1226 1650 1295 1695 nu·
1354 1621 1355 1632 ³

291 1727 399 1815 mero
419 1745 484 1842 qui
509 1735 549 1816 in
568 1745 772 1842 parisiense
793 1744 1008 1818 confluebat
1030 1746 1294 1818 nosocomium
1351 1724 1356 1744 i

289 1885 391 1932 anno
413 1861 514 1960 1699.
545 1861 605 1934 oh
629 1887 711 1934 eam
730 1860 1022 1959 disjunctionem
1044 1859 1178 1950 fiebat,
1205 1875 1248 1933 ut
1267 1859 1294 1933 si
1355 1857 1358 1884 ‘³

292 1981 380 2078 aegri
401 1981 458 2051 illi
475 1997 736 2070 moverentur,
755 1982 919 2080 crepitus
938 1980 1133 2052 audiretur
1153 1982 1293 2051 ossium
1358 1995 1359 2000 ’

293 2096 511 2186 cuborum,
532 2113 569 2170 et
584 2097 822 2197 epiphysium
843 2098 985 2172 collisu.
1007 2101 1098 2189 Quae
1118 2095 1297 2168 observa-

184 2277 186 2280 .
292 2215 347 2284 tio
372 2239 448 2285 una
467 2241 512 2287 ex
529 2214 601 2287 illis
620 2231 694 2304 est,
714 2219 913 2315 perpaucis
931 2215 1121 2314 alioquin,
1147 2239 1235 2312 quae
1259 2214 1296 2283 in

296 2331 341 2402 cl.
365 2333 483 2404 Hertii
504 2332 669 2405 dr'scursu
682 2333 830 2406 medico
846 2333 894 2406 de
920 2339 1062 2434 crepitu
1080 2338 1221 2404 ossium
1239 2315 1297 2402 ile·

295 2447 532 2538 siderentur3
558 2449 759 2549 diligenter
778 2453 879 2523 enim
901 2451 1044 2550 colligit
1063 2464 1194 2522 caetera
1217 2473 1300 2548 quae

295 2565 342 2639 de
356 2565 431 2638 hoc
448 2565 584 2640 affectu
600 2569 737 2666 scripta
749 2585 912 2660 exstant,
923 2567 1085 2642 subinde
1094 2567 1304 2664 interjectis

297 2687 463 2784 parentis
473 2711 628 2785 quoque
642 2685 986 2776 observationibus,
998 2709 1216 2783 quanquam
1232 2683 1301 2755 dis·

297 2803 507 2875 sectionum
526 2803 610 2875 luce
624 2827 795 2876 caremus
806 2805 846 2875 in
857 2825 969 2875 causa
985 2802 1181 2875 statuenda
1193 2797 1300 2874 affec·

295 2919 412 2992 tionis
427 2919 564 3017 hujus,
580 2935 623 2992 nt
639 2921 679 2992 iu
702 2921 893 3020 plerisque
911 2919 1106 3018 contingit.
1131 2915 1248 3008 Quod
1271 2916 1302 2988 si

300 3037 485 3109 rationem
505 3035 763 3128 attendamus3
781 3063 824 3110 ea
841 3039 974 3136 saepius
990 3059 1099 3109 causa
1122 3035 1161 3106 in
1182 3035 1301 3108 exsic-

301 3155 448 3226 catione
472 3153 633 3252 quadam
662 3153 858 3228 statuenda
877 3179 964 3226 cum
986 3155 1116 3228 Hertio
1130 3152 1302 3240 videtur,

300 3295 416 3368 quam
446 3273 486 3342 in
503 3259 799 3346 *humectatione
826 3287 863 3346 et
887 3273 1047 3344 laxitate.
1082 3273 1162 3344 Nec
1194 3269 1304 3342 aliter

299 3387 394 3458 mihi
405 3391 526 3462 visum
547 3405 618 3480 est,
635 3415 722 3463 cum
742 3417 813 3492 pro
828 3405 1007 3462 matrona·
1018 3389 1196 3488 primaria
1215 3413 1311 3460 con·-

300 3507 467 3594 sulerer‚
487 3533 585 3606 quae,
613 3512 818 3610 puerperio
842 3509 978 3608 quinto
995 3506 1042 3580 ad
1058 3503 1175 3578 finem
1196 3531 1304 3606 spec-

298 3638 420 3716 tante,
438 3623 529 3698 dum
550 3651 589 3699 se
609 3625 656 3698 ah
675 3628 753 3702 uno
770 3629 813 3700 in
836 3626 998 3699 alterum
1022 3624 1121 3698 latus
1145 3647 1303 3698 couver-

317 3905 748 3990 .(1)1tpt1.N.c„dec..3,a.
764 3916 797 3982 i,
811 3911 876 3968 obs.
892 3929 922 3966 1.

339 4007 382 4088 (a)
403 4010 494 4066 Mcm.
509 4009 546 4066 de
561 4009 677 4068 l'Acad.
688 4027 753 4086 roy.
771 4009 822 4070 des
837 4007 989 4082 Scienees,
1005 4026 1055 4068 an.
1075 4007 1167 4086 1699.
