2746 4662
106 414 178 494 mn.
196 446 251 494 rv.
267 445 314 494 on
326 445 461 494 monins
473 445 670 511 omnisne,
686 437 755 496 etc.
770 444 882 496 misr.
898 445 970 496 rvr.
1003 425 1070 524 137
1185 419 1191 434 ’

59 583 125 655 per
146 559 259 657 quod
279 560 430 659 sanguis
442 557 652 648 effluxerat,
668 559 872 656 conjuncta
888 576 986 651 eret3
1000 561 1073 634 hu·

55 677 116 770 jus
135 703 222 748 non
242 693 331 752 erat.

104 800 187 867 Nec
199 795 359 895 quando
376 795 647 877 adnotarehaec
655 797 768 896 coepi,
780 795 882 868 illam
901 797 1072 870 omittam

63 936 141 1007 quae
161 913 262 984 mihi
278 937 358 984 non
374 913 544 1010 vulgaris
555 911 756 1013 chirurgus
769 914 816 985 de
831 939 869 986 se
883 913 1072 988 narrabat.

62 1031 180 1132 Crure
213 1030 353 1120 fracto,
375 1029 599 1128 ossibusque
623 1046 724 1104 recte
754 1045 791 1102 et
811 1018 1072 1130 repositis,.et

61 1143 215 1236 locatis,
238 1147 277 1218 id
291 1149 458 1246 primum
483 1147 980 1248 animadvertisse,auctum
999 1148 1072 1221 sibi
1138 1137 1140 1144 ⁸

61 1260 237 1339 dolorem
255 1263 350 1336 hora
373 1289 449 1338 una
464 1280 591 1338 exacte
607 1281 809 1364 postquam
832 1289 919 1356 crus
936 1263 1072 1364 deliga-

60 1397 214 1454 verant:
231 1381 336 1479 quod
356 1405 444 1454 cum
461 1405 482 1454 a
499 1381 726 1481 deligatione
744 1407 826 1480 quae
854 1383 992 1454 arctior
1010 1383 1073 1456 in-

62 1511 161 1571 terea
190 1498 287 1572 facta
313 1515 555 1598 esset,posse
581 1502 702 1599 repeti
725 1513 924 1598 negassent
946 1499 986 1572 id
1007 1525 1070 1574 ex-

62 1614 255 1711 plorantes
268 1617 459 1716 chirurgi;
478 1617 660 1690 intellexit
684 1643 705 1688 a
724 1633 834 1716 stupa
853 1641 933 1690 esse
954 1641 1070 1715 quam

64 1732 425 1833 circumposuerant,
440 1749 691 1833 ,conquassato
711 1737 774 1814 ovi
790 1733 984 1808 albumine
1000 1735 1073 1818 im-
1170 1743 1173 1748 '

63 1847 191 1924 butam
202 1868 214 1942 3
225 1852 329 1950 quod
340 1853 431 1924 dum
442 1854 689 1926 resiccaretur
700 1909 710 1942 ,
723 1851 930 1952 fragmenta
946 1853 1071 1950 aliqua

66 1991 168 2041 ossea
189 1971 237 2042 ad
256 1971 447 2068 proximas
466 1971 669 2044 sentientes
687 1985 813 2069 partes
829 1970 1069 2068 apprimeret.

67 2087 210 2160 Deinde
230 2087 329 2184 ,illud
349 2089 529 2176 alterum,
551 2113 572 2160 a
591 2089 780 2162 levissimo
805 2113 959 2186 quoque
980 2087 1070 2160 dum

67 2207 129 2298 qui
141 2205 214 2278 sibi
224 2205 399 2295 aderant,
420 2203 681 2294 ambularent,
695 2205 869 2294 tabulati,
887 2217 925 2277 et
941 2204 1071 2278 lectuli

68 2333 250 2414 tremore,
270 2349 420 2423 semper
442 2323 613 2398 dolorem
642 2324 791 2422 augeri,
817 2319 1094 2420 timoremque

68 2438 190 2527 simul,
205 2466 254 2513 ne
275 2443 308 2514 is
327 2456 472 2514 tremor
485 2443 626 2516 ossium
648 2441 963 2541 conglutinationi
986 2438 1072 2512 offi-

68 2574 174 2632 ceret.
195 2560 371 2658 Denique
395 2585 481 2634 cum
504 2575 726 2658 persanatus
747 2561 825 2655 jam
846 2573 962 2647 esset,
979 2559 1071 2640 ,diu-

68 2688 210 2750 turnam
220 2677 332 2750 valde
346 2678 438 2766 sihi,
457 2679 626 2778 alioquin
640 2695 733 2752 tunc
743 2678 892 2775 juveni,
909 2691 946 2750 et
964 2692 1066 2748 recte

67 2796 214 2884 valenti,
233 2796 419 2894 reliquam
430 2794 545 2871 luisse
565 2798 606 2869 in
625 2797 825 2882 calcaneo,
843 2819 931 2874 cum
954 2793 1078 2881 vellet,

68 2909 252 3002 incedere,
270 2914 500 3004 molestiam,
520 2929 564 2988 et
582 2912 843 3000 difficultatem
867 2926 1074 3011 propterea

69 3032 148 3125 quia
164 3033 251 3106 satis
268 3047 420 3105 cautum
435 3056 515 3104 non
532 3030 762 3120 fuerat,toto
776 3029 844 3118 illo
857 3045 933 3102 tam
951 3029 1068 3128 longo

68 3169 137 3243 quo
153 3150 354 3223 immotum
369 3173 455 3222 crus
471 3163 697 3236 servaverat,
717 3163 910 3247 tempore,
926 3171 976 3219 ne
992 3148 1068 3220 cal-

69 3285 175 3337 caneo
201 3268 386 3358 niteretur
401 3291 423 3344 ε,
438 3291 484 3340 ex
513 3291 591 3365 quo
609 3266 720 3338 etiam
746 3263 842 3346 illud
861 3264 1066 3362 intelliges,

70 3405 175 3476 quare
187 3384 295 3472 navi,
315 3385 525 3482 attentique
534 3383 704 3482 chirurgi
713 3382 830 3458 velint
846 3379 953 3458 fracti
963 3397 1069 3461 artus

70 3499 275 3577 calcaneum
305 3517 393 3601 apto
424 3499 609 3576 foramine
635 3515 838 3600 exceptum
862 3497 969 3598 quod
995 3499 1067 3570 cir-

70 3621 242 3716 cumjecta
282 3633 414 3722 stupa,
429 3634 493 3692 aut
518 3619 678 3693 linteum
706 3617 839 3705 molle3
863 3613 905 3688 in
933 3615 1065 3719 annuli

70 3729 215 3808 formam
243 3739 511 3826 convolutum,
540 3737 751 3834 relinquat,
771 3738 822 3806 ita
849 3734 1067 3834 quiescere,

71 3864 105 3921 ut
117 3876 208 3951 eger
227 3854 402 3930 calcaneo
414 3854 497 3952 ipso
516 3878 597 3928 non
618 3853 771 3928 nitatur.

111 3967 163 4046 33.
186 3975 334 4050 Lucere
349 3950 685 4071 cilc'quandojuxta
696 3967 833 4068 pedem
847 3965 962 4038 ambo
979 3987 1067 4036 ossa
