2732 4654
96 393 161 458 nu.
177 393 226 440 ιν.
245 389 437 456 ordonius
449 386 650 452 cursiones,
666 377 944 436 etc.rr1sr.L1x.
974 363 1042 437 301

54 505 206 576 rumille
225 510 264 576 in
284 503 421 576 eoelum
434 507 640 594 venisse,L.
657 507 821 573 Anuaeus
835 504 976 573 Seneca
995 503 1049 600 (ι)

54 622 230 694 indicavit.
249 629 343 713 llos,
365 636 402 693 et
414 621 505 692 alios
525 616 710 715 ejusmodi
733 642 838 690 casus
853 622 881 690 si
896 645 1047 704 mecum

54 739 380 823 animadverteris;
423 736 536 808 simul
567 724 818 806 scelestorum
847 733 1048 808 hominurn

55 853 166 942 dolos,
189 856 256 953 qui
282 853 439 926 medicis
459 864 730 950 'sepenumero
759 853 983 948 imponunt,
1008 856 1048 922 in

55 972 272 1068 quibusdam
299 973 405 1070 aegris
436 969 580 1042 facilius
607 971 747 1068 poteris
771 970 1047 1059 internoscere,
1126 962 1128 968 ’

55 1103 109 1158 aut
120 1089 270 1178 saltem,
289 1105 403 1186 atque
417 1088 559 1158 utinam
573 1089 612 1156 in
634 1099 824 1184 ternpore,
846 1087 1049 1184 suspicari,

54 1205 153 1274 simul
172 1231 252 1276 non
277 1208 423 1277 ratione
449 1204 590 1292 solum,
615 1202 680 1274 sed
711 1228 756 1272 ex
776 1201 1050 1274 observationi-

52 1319 114 1394 bus
128 1325 239 1394 etiam
253 1324 459 1420 iutelligeS,
473 1337 575 1394 certa
595 1319 766 1418 quaedam
780 1336 1049 1417 symptomata,

52 1455 88 1510 ut
104 1442 218 1530 sitim,
236 1428 272 1513 et
290 1455 413 1522 certos
430 1433 617 1538 quosdam
635 1437 807 1526 morbos,
824 1437 869 1509 ut
883 1437 1047 1528 febrem,

55 1545 185 1652 quae'nb
207 1559 404 1630 nonnullis
429 1558 557 1629 adesse
582 1556 780 1644 dicuntur,
810 1557 840 1626 si
859 1581 1050 1646 venenum
1072 1571 1075 1574 ’

55 1673 254 1772 ingenitum
280 1677 345 1765 sit,
373 1674 501 1747 adesse
523 1676 633 1746 etiam
658 1697 785 1771 posse,
821 1697 905 1743 cum
934 1699 1050 1746 vene·

54 1814 135 1860 num
144 1793 345 1890 praebitum
361 1806 438 1878 est,
456 1794 533 1862 imo
549 1813 705 1888 quoque
721 1793 959 1887 praeoessisse.
980 1797 1050 1864 Ita·

55 1933 118 2004 que
136 1909 310 1982 laudatus
331 1909 435 1997 Sala,
453 1979 454 1988 ,
470 1909 539 1980 etsi
562 1931 751 1980 venenum
774 1915 950 2003 generari
970 1915 1049 1982 sine
1088 1938 1092 1947 ‘

52 2027 143 2109 febre
163 2028 345 2126 negabat;
362 2051 442 2096 non
460 2041 586 2096 tamen
608 2041 813 2124 propterea
828 2026 867 2094 in
883 2027 1049 2100 secunda
1132 2051 1134 2054 ·

55 2146 290 2241 responsione
309 2144 397 2214 huic
419 2143 690 2241 signotantum
709 2141 857 2229 tribuit,
881 2157 924 2214 ut
951 2169 1050 2216 mor·

54 2272 148 2332 tuum
169 2262 258 2334 esse
271 2262 378 2332 illurn
399 2261 580 2357 juvenem
607 2260 654 2330 ab
685 2261 855 2358 ingenito
882 2286 1048 2353 venem,

54 2375 257 2450 affirmaret.
277 2383 360 2462 Nec,
374 2401 463 2447 vero
481 2391 523 2448 ut
542 2376 643 2449 idem
669 2373 923 2468 affirmemus,
947 2363 1050 2478 eogit

54 2495 145 2590 quod
162 2496 293 2567 nullus
311 2495 490 2567 insolitus*
503 2494 619 2582 odor,
639 2511 704 2566 aut
721 2518 854 2590 sapor,
872 2497 1047 2570 nullusve

41 2608 85 2679 ¹in
103 2611 367 2710 deglutiendo,
385 2627 450 2690 aut
463 2625 552 2707 'post
569 2607 856 2706 deglutitionem
876 2611 987 2682 dolor
1006 2615 1046 2684 in

57 2749 128 2814 ore,
140 2743 206 2800 aut
223 2726 394 2800 faucibus
410 2741 613 2826 perceptus
625 2727 680 2797 sit.
697 2729 747 2796 Ut
765 2728 865 2796 enim
880 2727 1047 2824 improbi

53 2846 138 2942 regis
150 2844 321 2943 Persei(2
303 2829 540 2943 alpollieitnt
517 2860 659 2915 tionem
677 2857 893 2940 praetereatn
907 2848 1044 2920 veneni

54 2961 146 3054 quod
161 2986 281 3032 neem
298 2960 450 3049 danda,
476 2985 544 3072 nee
559 2961 690 3032 datum
706 2956 772 3029 illo
789 2966 892 3056 signo
911 2960 1045 3060 depre-
1060 3045 1061 3048 Ἴ

54 3075 154 3148 leudi
166 3093 314 3188 posset,
334 3093 371 3149 et
389 3077 451 3148 hic
476 3102 630 3176 quoque
656 3077 725 3147 alia
752 3099 834 3174 quae
860 3077 934 3150 diei
956 3105 1044 3178 pos-

55 3211 125 3266 sent
136 3197 355 3289 ,omittam,
372 3221 417 3267 ex
431 3197 524 3266 meis
541 3219 651 3292 snpra
669 3193 723 3291 (3)
741 3197 898 3268 narratis
919 3197 1045 3270 obser-

54 3307 255 3384 vationibus
282 3315 368 3383 satis
404 3310 599 3409 intelligis,
626 3313 685 3383 vel
716 3313 796 3384 sine
820 3314 865 3384 iis
894 3315 1044 3390 indiciis

54 3424 266 3525 deglutitum
289 3451 368 3502 esse
383 3453 586 3500 venenum.
608 3431 740 3526 Neque
771 3446 902 3502 contra
927 3458 971 3504 ex
998 3460 1043 3505 eo

56 3607 1052 3638 -—--------—---·----

86 3724 126 3804 (1)
145 3731 361 3806 Apocolocynt.

86 3825 125 3905 (a)
145 3829 213 3887 Vid.
232 3831 298 3888 Liv.
314 3827 383 3890 hist.
398 3829 419 3886 l.
435 3829 483 3896 la

86 3924 181 4006 (un.
201 3949 231 4004 7·
291 4003 296 4008 .
