2700 4660
294 433 366 511 236
459 465 505 511 nu
532 464 678 512 scurrus
703 465 747 510 rr
773 459 897 512 crusis
923 463 1136 512 rronuoauu

294 599 356 648 res
379 576 639 649 observabant.
677 577 737 650 Sic
776 577 1064 650 consulentibus
1097 573 1299 674 responde-

295 675 398 765 bant.
415 699 491 765 Nec
512 697 542 766 si
563 697 703 792 aliqui,
721 697 848 767 minus
866 697 905 766 in
924 721 1058 766 eorum
1076 717 1298 766 monumen·

298 811 346 882 tis
360 813 517 898 versati,
542 811 581 882 isl
607 809 705 884 forte
728 813 925 911 ignorant,
957 813 1099 884 idcirco
1132 808 1301 883 tenebras

300 926 499 999 offundent
516 945 794 1001 antecessorum
825 929 973 1027 gioriae,
994 929 1101 1026 quasi
1122 927 1230 999 nulla
1249 923 1299 1005 id,

194 1111 197 1123 ,
300 1059 377 1115 tam
404 1043 758 1144 facili'praesertim,
794 1046 1056 1118 observatione
1090 1043 1303 1117 confirmas·

302 1177 394 1233 sent.
411 1149 637 1252 Quinetiam
656 1165 742 1250 ista,
763 1189 845 1260 quie
857 1165 1135 1236 exGuarinonii
1152 1158 1301 1233 Consul-

302 1279 509 1352 tationibus
530 1283 688 1353 sectioni
706 1281 796 1352 huic
827 1279 1064 1378 Sepulchreti
1093 1279 1223 1350 addita
1242 1288 1300 1360 est,

304 1395 516 1469 observatio
529 1424 607 1469 non
623 1398 773 1470 videtur
787 1397 834 1469 ab
855 1399 901 1470 iis
918 1398 1130 1496 discrepare
1150 1423 1236 1494 qum
1252 1391 1303 1464 ad·

304 1529 499 1587 notaverat
511 1517 799 1605 Trincavellius3
815 1531 915 1589 certe
935 1531 1060 1588 autem
1075 1541 1154 1585 non
1175 1515 1302 1586 discre-

307 1647 490 1730 pantquac
501 1633 669 1705 Andreas
684 1632 861 1725 Baccius(
870 1631 914 1727 t),
923 1635 1084 1731 scriptor
1098 1631 1145 1703 de
1156 1629 1303 1703 thermis

309 1749 596 1835 celeberrimus,
620 1750 784 1823 tradidit.
813 1755 908 1822 Cum
933 1751 1034 1821 enim
1055 1748 1155 1821 haud
1180 1767 1302 1818 omnes

260 1865 266 1876 ’
308 1867 348 1936 in
359 1867 442 1957 ‘hoc
461 1867 599 1940 morbo
616 1893 696 1942 esse
718 1869 851 1940 noxias
879 1883 1030 1942 censeat
1042 1866 1162 1965 (quod
1177 1881 1217 1937 et
1235 1865 1300 1959 ejus

309 2001 345 2057 et
364 1987 549 2074 aliorum,
572 1988 785 2058 recentium
815 2009 990 2084 quoque,
1022 1985 1302 2056 clarissimorum

309 2102 512 2176 hominum
542 2105 778 2202 experientiae
801 2103 938 2202 procul
956 2103 1060 2174 omni
1078 2100 1300 2172 dubitatione

308 2221 540 2292 credendum
558 2227 628 2313 est)
649 2226 1045 2319 Aponensesnocere,
1063 2218 1202 2290 diserte
1219 2211 1300 2288 affir-

311 2353 412 2427 mat;
429 2339 506 2409 imo
526 2339 641 2425 idem,
669 2340 813 2436 inquit,
837 2338 893 2409 nd
908 2341 1040 2436 Aponi
1058 2335 1208 2408 balnea*
1222 2333 1300 2404 acci·

163 2442 165 2450 '
246 2449 248 2470 '
311 2455 408 2527 disse
423 2456 572 2528 cuidam
589 2456 726 2549 illustri
740 2461 910 2554 principi
924 2461 1111 2544 novimus,
1136 2452 1300 2524 nimirum

312 2589 355 2645 ut
369 2580 561 2645 immemor
566 2577 654 2670 jnm
675 2579 863 2672 praeteriti
878 2575 1030 2644 venerei
1053 2577 1234 2668 contagii,
1250 2589 1301 2638 ve·

318 2707 435 2763 iustos
462 2693 533 2762 sibi
561 2717 609 2762 en
643 2691 778 2762 balneo
808 2696 1022 2763 consciverit
1048 2687 1210 2760 dolores.
1241 2688 1302 2756 Nec

313 2808 507 2881 fortassee
530 2810 610 2880 veri
639 2797 882 2882 similitudine
915 2809 1035 2879 aliena
1065 2808 1262 2906 cogitares,
1278 2797 1300 2868 si

313 2926 360 2998 ad
380 2943 671 2998 caeterascausas
686 2927 736 2998 ob
756 2951 849 3024 quas
867 2927 929 2998 ille
947 2940 1073 2997 tantus
1090 2924 1138 2996 ab
1152 2919 1302 3018 antiquis

315 3053 436 3140 nsque
463 3044 699 3142 temporibus
723 3045 769 3116 ad
794 3049 850 3115 Eu
878 3069 988 3116 aneas
1013 3043 1182 3114 thermas
1205 3029 1300 3136 aegro·

315 3185 402 3232 rum
422 3153 629 3232 concursus
643 3147 826 3250 decrerit,
853 3071 952 3232 dane
970 3185 1124 3257 quoque
1143 3158 1299 3236 adderes,

316 3277 422 3374 quod
445 3302 490 3349 eo
508 3276 699 3376 pluribus,
727 3300 806 3347 non
839 3293 882 3348 ut
910 3278 1000 3348 olim
1026 3276 1221 3375 prodesse,
1239 3275 1299 3342 imo

317 3396 429 3467 etiam
453 3395 584 3468 obesse
618 3395 841 3484 debuerint,
873 3420 951 3493 quo
980 3397 1097 3492 magis
1127 3393 1299 3490 magisque

234 3539 237 3542 ·
315 3524 445 3584 auctus
480 3528 534 3585 est
567 3502 750 3584 numerus
780 3511 1005 3599 hominum,
1037 3513 1138 3582 inter
1169 3521 1301 3578 caeteros

317 3630 492 3718 morbos,
515 3655 718 3702 venereum
736 3633 891 3729 insuper
908 3632 984 3702 sive
1015 3644 1210 3727 apertum,
1242 3622 1300 3694 sive

327 3817 1295 3864 ...ζ-...Μ

355 4000 400 4080 (1)
421 4002 466 4058 De
479 3996 598 4059 Therm.
614 4001 634 4058 l.
651 4001 667 4060 3
676 4041 687 4074 ,
707 4021 733 4060 c.
753 4002 838 4076 a,in
854 4000 906 4060 fin.
