2746 4662
1139 357 1143 392 l

309 446 359 544 98
478 468 525 515 ur
551 464 696 515 sturnus
720 463 765 512 ur
791 463 914 514 clusis
939 461 1155 516 uonnornu·

306 579 447 654 inferri.
468 582 558 669 Quae
572 579 686 675 igitur
700 579 739 647 in
754 577 926 667 thorace,
952 579 990 651 e't
1013 580 1132 670 collo,
1148 595 1193 684 ,⁰²
1215 599 1309 656 artu·

305 700 380 774 bus
412 695 741 783 animadverterim
771 710 906 792 praeter
929 711 1071 768 naturae
1094 699 1250 770 modum
1273 726 1309 775 se

304 815 500 902 babentia,
517 813 593 882 huc
609 811 764 900 addam3
779 837 886 900 uam,
901 815 1060 886 meliora
1070 817 1213 888 interea
1232 844 1310 892 cor·

305 957 398 1034 pora
421 932 540 1016 nacti,
570 945 682 1025 caput
706 953 785 1000 non
821 933 1022 1028 attigimus.
1057 935 1309 1008 Pericardium

304 1073 391 1124 cum
425 1049 612 1118 anteriore
640 1071 866 1144 magnorum
898 1071 1091 1137 vasorum,
1120 1067 1159 1123 et
1183 1054 1307 1126 cordis

302 1169 420 1266 ipsius
436 1164 527 1235 facie
541 1189 755 1236 connexum
767 1179 862 1253 erat,
888 1189 974 1236 cum
989 1167 1053 1238 illa
1073 1169 1229 1266 quidem
1242 1195 1309 1268 per

300 1285 511 1372 filamenta,
530 1281 704 1354 cumbae
723 1307 813 1354 vero
832 1307 902 1380 per
921 1308 960 1356 se
978 1286 1102 1382 ipsum
1122 1303 1308 1384 quantum

299 1403 378 1476 duo
396 1402 599 1472 transversi
621 1401 727 1497 digiti
744 1417 825 1472 tum
845 1403 885 1470 in
908 1402 1207 1501 longitudinem,
1227 1421 1308 1478 tum

298 1523 339 1593 in
358 1518 591 1591 latitudinem
615 1521 724 1616 spatii
740 1518 995 1592 obduxissent.
1023 1523 1120 1611 Qum
1141 1546 1201 1596 res
1222 1521 1310 1598 tecit

296 1655 344 1711 ut
356 1638 403 1709 ab
419 1661 464 1709 eo
478 1639 544 1734 qui
558 1635 799 1734 apoplecticae
813 1635 981 1710 medicus
1000 1637 1140 1729 fuerat,
1163 1667 1308 1738 quare·

294 1781 378 1828 rem
401 1779 494 1826 num
526 1751 622 1824 forte
645 1753 779 1850 pulsus
805 1754 986 1851 singulari
1015 1755 1306 1854 aliquomodo,

297 1890 335 1948 et
350 1873 555 1972 prasertim
568 1869 854 1943 intermittendo
863 1889 1083 1969 peccassent
1096 1901 1105 1944 :
1120 1876 1227 1973 quod
1242 1878 1306 1949 ille

295 1994 499 2078 continuo,
514 1989 729 2085 disertoque
750 1989 911 2087 negavit.
937 1991 1081 2062 Arteria
1096 2016 1234 2091 magna
1253 1995 1307 2068 iu·

293 2113 433 2182 tcriore
468 2105 559 2178 facie
588 2105 740 2182 modico
767 2129 880 2204 supra
912 2107 1083 2181 valvulas
1106 2111 1307 2186 intervallo

292 2224 498 2324 incipiebat
529 2247 660 2322 aspera
689 2219 792 2309 fieri,
828 2225 940 2321 quasi·
961 2223 1065 2298 fibrae
1093 2228 1306 2302 secuudum

288 2339 569 2442 longitudinem
582 2339 702 2412 ductae
713 2393 723 2419 ,
736 2340 798 2412 hic
817 2340 894 2412 illic
912 2343 1012 2414 inter
1032 2367 1070 2414 se
1085 2344 1303 2442 disjuncta,

291 2462 578 2560 prominerent:
608 2481 651 2530 ea
672 2459 851 2556 asperitas
872 2458 921 2530 ad
940 2459 1037 2533 duos
1066 2476 1304 2538 transversos

290 2583 332 2650 in
354 2575 630 2677 longitudinem
660 2575 815 2673 digitos,
848 2576 889 2646 in
915 2577 1150 2650 latitudinem
1181 2583 1298 2679 paulo

290 2700 418 2768 minus
434 2685 715 2770 extendebatur.
738 2693 956 2791 Thyroidaea
967 2695 1305 2796 glandulaprmter·

291 2839 405 2912 quam
415 2837 551 2910 magna
565 2825 664 2898 erat-5
678 2811 789 2880 etiam
803 2809 1036 2907 quibusdam·
1047 2816 1156 2910 quasi
1175 2817 1303 2914 globis

167 2929 170 2936 ’
291 2932 517 3004 anteriorem
539 2925 671 2999 faciem
692 2926 857 3001 habebat
881 2931 1078 3003 nonnullis
1098 2931 1191 3005 locis
1210 2954 1303 3034 pro·

275 3051 509 3128 ,minentem
530 3041 760 3116 Inferiorum
778 3062 930 3121 artuum
941 3050 1119 3138 sinister,
1137 3054 1250 3149 quod
1262 3057 1300 3126 in

289 3167 388 3239 latus
400 3162 536 3233 mulier
548 3162 841 3254 claudicaverat,
863 3189 964 3264 genu
974 3167 1174 3257 interiora,
1196 3172 1300 3244 calce

291 3283 492 3368 exteriora,
511 3281 722 3378 spectabat:
744 3280 899 3353 dextero
913 3282 1083 3370 breuior,
1102 3301 1139 3357 et
1156 3288 1186 3357 si
1205 3289 1299 3360 dor-

290 3423 373 3472 sum
388 3397 494 3497 pedis
513 3400 725 3496 exciperes,
746 3423 821 3495 qua
840 3413 946 3497 parte
962 3402 1123 3474 crassior
1140 3404 1299 3478 videba-

285 3532 348 3589 tur
362 3571 372 3606 ‚
384 3513 492 3587 valde
512 3528 750 3603 extenuatus,
773 3518 974 3614 amplaque
994 3533 1181 3616 pretereo-
1193 3524 1299 3597 cica-

285 3636 582 3731 trice‚tanquam
592 3655 760 3728 amagno
768 3633 893 3706 ulcere
903 3638 1068 3710 exterius
1080 3640 1296 3713 secundum

284 3750 561 3849 longitudinem
577 3747 702 3820 fibulae
720 3747 918 3840 deformis,
948 3774 1036 3824 cum
1055 3754 1186 3826 denter
1213 3759 1297 3856 pul·

286 3869 380 3943 cher
395 3883 511 3955 esset,
525 3883 636 3964 atque
650 3872 798 3965 egregie
811 3871 998 3960 nutritus,
1013 3875 1194 3970 venisque
1214 3891 1294 3948 tam

284 3986 372 4060 latis
385 3984 583 4086 proditus,
603 4000 646 4060 ut
661 3979 812 4061 latiores
828 3989 868 4060 in
886 3987 993 4062 nullo
1011 4005 1101 4087 artu·
1111 3989 1295 4068 inferiore
