2836 4648
295 439 369 516 686
463 465 510 512 ns
535 437 753 548 snoirossr
778 463 903 516 caussa
927 462 1139 520 uoraorurt

297 591 434 680 praeter
452 577 582 650 oscula
598 577 708 678 plura
724 575 945 670 mediocria,
970 578 1157 655 orificium
1177 595 1283 681 patere

299 696 361 770 uix
382 695 498 795 paulo
518 695 671 782 minuS,
698 717 812 794 quam
837 693 950 769 fuisse
978 695 1057 769 diri
1085 700 1284 771 arteriarum

301 815 604 906 coronariorum,
626 813 730 914 quod
755 815 1094 906 cumincidissem,
1117 816 1286 890 confluere

301 936 343 1006 in
360 934 486 1030 ipsum
499 933 578 1004 ridi
596 933 751 1006 venulas
763 931 858 1005 duas
873 916 1014 1030 tresve,
1028 936 1242 1033 sanguinem
1252 959 1292 1007 er

304 1051 409 1124 sinus
427 1031 633 1150 parietibus
652 1049 888 1124 reducentes.
911 1049 1112 1148 Ejusmodi
1130 1075 1196 1124 cor
1214 1076 1290 1123 ucu-

303 1168 459 1241 triculos
473 1167 607 1240 habuit
622 1167 758 1266 plenos
771 1167 966 1266 polyposis
986 1169 1288 1242 concretionibus.

304 1291 449 1388 Magnae
468 1301 594 1360 autem
615 1287 963 1384 arteriaequantum
981 1285 1139 1360 thorace
1160 1287 1293 1362 conclu·

310 1403 870 1505 debatur,inspiciens‚·unum
888 1403 1007 1477 modo
1014 1406 1144 1478 locum
1155 1405 1296 1479 animad-

305 1524 401 1596 verti
422 1522 491 1596 ubi
513 1525 671 1598 interior
702 1525 785 1622 ejus
811 1521 926 1604 facies
952 1545 1033 1596 non
1054 1525 1158 1598 laevis
1192 1539 1295 1612 esset,

285 1644 593 1741 ‘introrsumque
615 1633 875 1744 promineret,
895 1642 1030 1742 ibique
1048 1643 1153 1716 inter
1170 1644 1296 1716 tunicas

306 1759 485 1834 duritiem
495 1761 737 1867 osseamlnon
749 1761 1295 1862 majusoocupanternspatium

307 1902 423 1978 quam
442 1877 548 1978 quod
559 1879 697 1978 unguis
711 1891 839 1978 posset
858 1877 967 1978 digiti
985 1878 1137 1978 pollicis
1155 1878 1294 1979 operire.

303 1998 440 2070 Eratis
458 1995 566 2069 locus
582 2021 603 2068 a
619 1995 760 2068 dextris
777 1993 846 2067 ubi
862 2012 970 2069 corta
984 1995 1096 2070 finito
1111 1998 1190 2095 jam
1207 2019 1296 2082 arcu,

303 2128 407 2186 recta
424 2111 654 2186 descendere
673 2111 889 2212 incipiebat.
909 2115 1029 2186 Simul
1044 2115 1084 2186 in
1107 2115 1236 2190 oculos
1253 2115 1296 2185 iu·

305 2231 425 2304 currit
437 2221 632 2338 quidpiam
645 2230 890 2306 adnotatione
900 2255 981 2304 non
998 2231 1297 2332 indignumNatn
1382 2245 1383 2295 t

305 2351 405 2422 inter
427 2351 581 2422 arterias
607 2373 691 2448 quae
709 2349 888 2442 binae‚.et
910 2350 1009 2424 bino
1035 2352 1082 2426 ab
1110 2364 1222 2428 aortae
1234 2351 1296 2448 jam

308 2466 573 2542 descendentis
600 2469 810 2568 posteriore
835 2471 978 2570 pariete
1002 2469 1050 2542 ad
1073 2472 1297 2570 partitionem
1381 2479 1382 2490 ³

308 2609 431 2685 usque
453 2587 535 2684 ejus
554 2587 681 2660 trunci
705 2586 973 2688 egrediuntur,
992 2571 1064 2688 pro
1077 2589 1182 2663 binis
1202 2608 1297 2660 noan
1381 2609 1382 2662 ἑ

307 2700 516 2803 aliquando
545 2705 696 2800 egredi,
719 2729 847 2779 rarum
881 2732 963 2779 non
988 2721 1055 2782 est.
1087 2711 1230 2781 Verum
1245 2703 1299 2776 bic

309 2822 408 2896 intra
425 2825 647 2898 arteriarum
670 2823 969 2908 intercostaliutn
995 2825 1220 2899 inferiorum
1238 2821 1299 2896 duo

309 2931 699 3058 supremaparia‚tria
713 2945 885 3046 proxima
894 2943 1299 3032 desiderabantur,uno
1380 3039 1381 3042 Ἴ

297 3073 368 3132 'ter
405 3063 647 3136 continenter
676 3061 807 3134 osculo
844 3086 921 3160 pro,
944 3061 1166 3136 duobus'in
1193 3056 1298 3132 medio

314 3193 564 3270 occurrente,
581 3205 703 3278 eoque
735 3205 816 3252 non
844 3181 986 3254 caterio
1004 3181 1162 3277 majori,
1195 3196 1298 3274 neque

310 3297 456 3387 statim,
477 3311 520 3368 ut
538 3298 672 3396 sapius
689 3323 777 3370 eum
789 3323 910 3370 unum
923 3313 993 3384 est,
1004 3298 1113 3386 solet,
1124 3294 1297 3396 ingemina

311 3415 455 3504 diviso,
473 3417 552 3487 imo
570 3416 617 3488 ad
632 3431 796 3490 tractum
822 3417 953 3489 saltem
969 3417 1176 3490 transversi
1194 3411 1297 3512 digiti,

315 3549 503 3632 quantum
524 3534 701 3608 uidelicet
721 3535 901 3636 depositae
920 3550 1033 3608 aortae
1046 3534 1236 3609 adhaerens
1250 3549 1297 3599 re·

309 3651 444 3724 {ictum
460 3651 598 3745 fuerat,
612 3657 652 3726 in
670 3655 844 3728 arteriam
863 3655 1014 3727 unicam
1034 3655 1229 3755 producto.
1239 3639 1295 3718 Sed

309 3771 474 3844 vicissim
494 3771 741 3872 diaphragma
760 3769 932 3872 (quando
945 3773 1047 3844 enim
1069 3771 1117 3845 de
1134 3762 1295 3863 varietati·

252 3926 258 3932 ,
310 3886 385 3963 bus
398 3888 505 3988 loqui
525 3893 727 3990 coepimus,
742 3891 860 3982 banc,
879 3893 1052 3990 quamvis
1068 3917 1148 3965 non
1162 3891 1211 3962 ita
1224 3903 1293 3958 raro

313 4029 334 4077 a
368 4005 480 4080 nobis
515 4008 672 4107 quidem
695 4025 732 4083 et
766 3994 1032 4110 conspectam,
1051 4025 1099 4084 ,et
1129 4019 1293 4084 ostensam

1107 4123 1117 4149 1

811 4287 822 4316 l
