2782 4652
62 499 182 546 tmv1.
195 475 879 548 nninonnmsmmn.sommonamsn
891 469 961 547 im.
989 473 1060 564 435

64 583 390 711 generis'protulit
412 629 507 681 suas.
541 607 762 680 Mercuriale
794 621 920 696 tamen
945 632 1065 683 reme·

64 727 163 798 dium
187 751 276 799 cum
303 727 384 799 aliis
403 726 620 822 conjunxit,
651 749 733 822 quae
767 725 1068 826 alexipharmaca

66 859 169 917 sunt:
193 847 289 942 quin
307 859 344 916 et
369 865 534 916 moscam
560 841 708 915 addidit
724 859 872 943 postea,
893 847 1068 922 Sinenses

65 963 246 1050 imitatus,
263 960 396 1060 idque,
408 975 450 1033 nt
466 963 719 1059 praeservatim
743 962 1068 1059 quemadmodum

65 1081 140 1177 iPse
157 1082 228 1167 ait,
260 1103 340 1152 esse
358 1094 485 1178 posset
512 1085 635 1150 tutior.
663 1083 753 1170 Quae
771 1091 828 1152 tot
847 1105 926 1168 res,
947 1097 984 1154 et
1003 1107 1070 1154 cu-

66 1195 261 1268 curbitulae
281 1198 322 1266 in
342 1194 536 1267 nonnullis
563 1194 712 1268 vulneri
741 1197 850 1268 initio
877 1197 1070 1288 adhibitae,

67 1313 139 1384 imo
162 1313 331 1386 candens
348 1309 488 1384 ferrum
502 1366 512 1400 ‚
528 1313 568 1382 in
589 1309 766 1386 omnibus
782 1311 880 1402 fere,
909 1315 981 1388 alte
998 1317 1071 1386 im·

11 1445 12 1484 1
66 1453 260 1528 pressum,
280 1455 359 1502 non
382 1429 498 1502 modo
512 1429 613 1528 apud
637 1429 804 1502 medicos
828 1427 988 1504 dubium
1016 1458 1071 1504 re·
1180 1473 1182 1484 ·

11 1563 12 1630 ξ
67 1547 264 1647 linquunt,
278 1548 582 1646 cuipotissimum
599 1548 736 1654 auxilio
746 1547 845 1620 salus
855 1551 900 1620 sit
917 1565 1071 1649 accepta

66 1663 278 1754 referenda,
295 1689 428 1736 verum
446 1665 557 1735 etiam
568 1663 733 1737 demorsi
744 1664 924 1755 hominis,
937 1665 1070 1738 iisdem
1088 1737 1090 1742 .

11 1823 13 1838 z
68 1784 188 1872 usuri,
202 1785 371 1855 animum
386 1797 423 1854 et
439 1775 616 1880 pavidum
637 1779 795 1872 faciunt,
813 1799 849 1855 et
863 1785 1074 1872 incertum,

11 1915 13 1958 ῑ
69 1901 230 2004 nnmsic
252 1896 405 1998 quoqne
431 1899 472 1970 in
498 1911 581 1969 tuto
600 1895 748 1970 futurus
770 1899 833 1987 sit,
867 1897 1074 1974 dubitantis
1187 1895 1192 1914 ’

11 2049 12 2076 ÷
70 2018 273 2114 praesertim
308 2036 355 2088 an
384 2016 450 2114 qui
488 2017 623 2088 servati
661 2014 857 2106 dicuntur,
884 2041 1075 2090 venenum

70 2157 197 2207 revera
211 2136 498 2221 contraxissent,
518 2133 608 2228 etin
627 2133 930 2232 hydrophobiam
950 2149 1075 2208 essent

70 2273 137 2347 pro
169 2269 275 2325 certo
301 2249 500 2324 incursuri.
520 2251 611 2342 Quae?
628 2243 813 2323 dubitatio
832 2247 899 2325 etsi
921 2251 968 2324 de
995 2278 1075 2324 om·
1140 2287 1143 2296 ¹

71 2368 181 2442 nibus
198 2371 298 2467 justa
316 2367 395 2440 non
420 2370 489 2457 sit;
508 2377 672 2440 attamen
687 2371 766 2468 ipsa
783 2371 899 2442 animi
916 2369 1076 2470 suspen·
1181 2433 1184 2446 .

72 2485 123 2556 sio
146 2487 188 2556 in
221 2508 262 2558 re
287 2487 500 2583 gravissima
529 2471 676 2558 tentum
704 2487 883 2560 molestia
917 2485 1074 2578 atterat,
1127 2546 1130 2560 .

72 2623 223 2675 necesse
242 2602 315 2692 est,
331 2619 374 2675 ut
390 2603 450 2676 vel
473 2595 586 2699 hujus
606 2606 717 2676 nnius
741 2601 927 2702 fugiendae
945 2629 1076 2695 eausa,
1168 2637 1170 2645 ’

73 2719 175 2790 uuila
196 2721 235 2789 in
253 2720 406 2790 vitando
419 2718 612 2791 rabiosum
628 2719 729 2791 virus
743 2723 867 2792 cantio
887 2723 1003 2793 nimia
1021 2723 1080 2793 vi-

76 2833 153 2910 deri
164 2829 349 2934 ‘cuiquam
374 2835 520 2926 debeat.
911 2837 913 2848 ’

86 2965 88 2970 ’
126 2955 180 3028 13.
199 2957 277 3027 Ne'c
290 2953 461 3028 remedio
476 2975 582 3045 ,cum
598 2957 712 3053 Regia
728 2955 974 3028 Scientiarum
986 2963 1078 3032 Aca-

80 3067 199 3144 demia
218 3073 417 3153 Parisiensi
434 3073 490 3170 (1)
513 3065 812 3164 communicem,
837 3077 906 3148 etsi
934 3100 1011 3148 non
1032 3075 1079 3151 ad

80 3191 402 3282 presentationem
417 3189 558 3278 solum,
576 3189 642 3263 sed
659 3189 830 3263 etiamad
845 3187 1088 3268 curationem

81 3307 170 3380 mire
184 3305 384 3407 profuerit,
395 3322 542 3381 tanturn
562 3307 808 3380 tribuendum
821 3323 895 3399 est,
916 3327 958 3383 ut
972 3313 1010 3382 in
1033 3335 1080 3384 eo

69 3428 504 3521 .acquiescamus‚³'antea
521 3449 633 3523 quam
649 3427 795 3499 constet
823 3427 863 3498 in
883 3429 1080 3527 omnibus¹

83 3535 192 3636 idque
212 3541 327 3641 longo
339 3543 501 3615 decursu
515 3545 718 3640 temporis,
738 3543 838 3616 idem
852 3547 1080 3642 prestitisse.

85 3655 268 3732 Diuturno
290 3662 389 3732 enim
415 3663 587 3760 periculo
606 3659 726 3750 facto,
746 3673 984 3760 compertum
1003 3675 1082 3752 est,

86 3865 1081 3898 wana-*mann-

125 4031 166 4115 (ι)
186 4039 262 4098 Hist.
276 4039 313 4100 de
325 4040 402 4098 l’An.
418 4045 514 4116 1749,
530 4037 595 4099 obs.
609 4049 687 4102 anat·
701 4044 728 4108 4·
754 4029 758 4038 ⁴

881 4133 943 4208 28⁴
