2824 4652
103 466 1013 520 mn.·v.nuauu11tntsaunm.suvumon.umsnnxv.
1035 446 1101 536 541

106 605 188 654 sam
206 575 286 684 ‘cut
308 567 386 656 haee
412 581 567 655 demum
595 596 737 666 retenta
767 579 934 655 fuerant:
968 583 1015 660 de
1045 586 1109 656 ani

105 715 235 771 autem
262 699 447 800 prolap'su'
465 699 505 770 id
524 697 628 796 quod
641 697 739 768 'mihi
755 697 915 772 ¹illustris
937 701 1110 775 Hallerus

106 843 179 916 per
196 819 340 920 litteras
363 815 593 894 annotatas
623 818 734 916 1758,
758 823 801 891 V.
827 813 893 891 cal.
918 809 1111 894 Februarii

106 934 350 1034 significavit,
367 937 429 1009 hic
445 936 515 1028 tibi
531 934 701 1008 fideliter
724 933 944 1008 describam.
968 969 985 1004 α
1006 941 1114 1009 Milia

103 1083 124 1119 ι,
149 1051 264 1124 ficum
280 1079 403 1152 nuper
413 1039 491 1125 vitli
510 1052 786 1152 spectaculum,
804 1054 1016 1150 inquit‚vix
1032 1081 1107 1128 cre·

104 1201 126 1238 a
152 1169 300 1244 diturus
314 1171 440 1260 alteri,
459 1166 676 1269 prolapsum
692 1193 829 1266 nempe
847 1173 1037 1246 crassioris
1053 1175 1111 1246 in-

85 1365 87 1368 ,
106 1317 127 1353 a
152 1288 278 1360 testini
289 1342 298 1377 ‚
311 1289 350 1358 in
360 1311 438 1386 quo
453 1290 575 1386 ipsam
590 1285 664 1360 coli
673 1285 856 1358 valvulam
869 1283 1044 1360 facillime
1057 1291 1111 1362 di-

107 1431 129 1473 »
157 1405 435 1503 gnu'sceudam‚
450 1419 487 1476 et
503 1388 694 1502 patentem
711 1402 865 1476 videres.
886 1405 1112 1480 Rubemima

106 1551 128 1588 ι
154 1537 233 1597 erat
250 1522 381 1594 villosa
397 1523 545 1608 tunica,
563 1520 742 1616 nitroque
757 1529 959 1617 conspersa
976 1522 1112 1599 humo.
1215 1601 1217 1606 ,

105 1667 127 1705 n
152 1663 233 1710 rem
247 1638 419 1726 sudab'at',
435 1634 608 1709 eaeterum
628 1635 799 1707 immota
816 1641 994 1712 Vetustus
1013 1668 1113 1715 mor-

108 1787 130 1824 a
155 1755 228 1842 bus
257 1772 334 1828 est:
365 1753 501 1828 frustra
523 1753 731 1852 repo'situm
754 1755 997 1846 intestinum,
1025 1785 1112 1833 cum

107 1872 368 1974 »chirurgus
388 1872 641 1946 ventriculum
673 1897 742 1970 per
777 1873 889 1943 colon
914 1875 1111 1974 palpasset.

107 2019 128 2056 κ
153 1991 255 2062 Solet
268 1989 429 2063 subinde
449 1989 593 2062 elabi.»
644 2013 647 2020 ’
786 2003 789 2012 ’
825 1989 828 1996 ’

159 2133 193 2206 7.
210 2106 267 2178 Ad
275 2109 542 2181 intestinorum
553 2117 677 2180 autem
692 2107 879 2198 dolorem,
890 2125 1002 2208 atque
1017 2112 1112 2197 adeo

108 2223 158 2296 ad
192 2207 338 2296 iliacam
355 2226 585 2322 passionem
610 2227 742 2297 attinet
761 2225 805 2296 cl.
837 2227 1116 2302 Kaltschmidtii

106 2343 352 2441 programma
370 2341 448 2440 (1),
476 2342 581 2440 quod
602 2357 637 2413 te
657 2342 788 2440 legisse
805 2339 884 2416 uon
904 2345 1114 2441 poenitebit.

54 2456 58 2482 ''
105 2461 205 2531 Nam
219 2465 471 2557 ‚praeterquam
485 2457 589 2556 quod
598 2473 720 2531 totum
735 2462 1000 2534 intestinorum
1020 2479 1116 2536 trac-

108 2589 194 2668 tum
219 2572 493 2646 inflammatum
526 2577 701 2662 invenit,
738 2576 866 2674 ibique
895 2581 1013 2677 magis
1046 2581 1116 2654 ubi

110 2681 233 2787 prope
242 2689 407 2760 Bauhini
420 2691 607 2762 valvulam
624 2708 702 2763 erat
722 2693 837 2764 ileum
856 2693 1114 2788 dilaceratum,

109 2805 187 2876 hoc
211 2805 552 2888 alvirecrementis
574 2832 656 2880 non
675 2833 720 2881 eo
743 2825 889 2887 tantum
913 2811 1020 2903 loco,
1048 2814 1114 2888 sed

108 2922 158 2996 ad
168 2923 275 2996 'ulnae
289 2925 570 3025 longitudinem
586 2951 741 3025 prorsus
751 2926 988 3004 'obstructum
997 2933 1111 3025 vidit,

105 3055 184 3114 tam
201 3040 328 3130 duris,
351 3055 395 3112 ut
412 3045 558 3139 argenti
571 3045 643 3116 vivi
660 3044 757 3116 libra
773 3071 850 3116 una
862 3100 872 3135 ‚
885 3072 985 3145 aegro
1009 3049 1111 3142 data,

106 3181 178 3262 per
190 3183 234 3232 ea
248 3158 321 3255 sihi
338 3160 437 3230 viam
449 3156 577 3236 „facere
590 3159 867 3260 non'potu'erin
886 3165 1032 3266 aliaque
1051 3172 1113 3243 in·

106 3298 222 3375 super
240 3275 455 3382 adnotavit,
477 3281 570 3378 etin
588 3279 646 3351 his
672 3285 821 3352 causam
849 3278 957 3356 fam-is
978 3303 1113 3383 praeter

106 3380 281 3466 naturam
298 3417 372 3490 qua
387 3396 525 3492 saepius
539 3395 656 3478 homu
677 3412 831 3480 vexatus
850 3399 989 3490 tuerat,
1007 3405 1111 3501 pylo·
1213 3381 1221 3408 ‘

87 3535 194 3607 'rum
223 3509 397 3584 videlieet
414 3512 533 3611 duplo
557 3539 671 3612 quam
702 3516 850 3605 soleat,¹
875 3519 1116 3616 ampliorem„

117 3708 1116 3740 mun—munna

146 3855 191 3934 (1)
211 3857 256 3914 De
268 3857 353 3914 ileo·
364 3855 595 3932 scrupulpirur.
609 3855 723 3934 metpil·
735 3829 847 3938 pelion
859 3857 949 3931 Ieuae,
964 3877 1011 3915 an.
1024 3869 1110 3938 1747,

110 3993 151 4051 m,
168 3985 229 4031 oet.
