2782 4652
125 433 196 484 mn
205 434 239 480 v
255 434 301 482 nr
310 431 495 484 ιιιιιιιιιιι
505 427 633 480 tonte
644 425 836 486 strumen.
845 434 955 484 rrrsr.
966 435 1035 482 ιιιι.
1065 407 1145 498 423,

127 545 205 620 hoe
232 548 546 644 circumsecarent
556 543 954 634 ,animadvertendum
971 549 1138 646 itemque

129 690 218 736 eum
247 640 444 736 cerebrum
469 664 688 736 eximerent.
716 665 830 756 Quod
850 689 923 764 ego
953 667 1068 740 certis
1087 666 1138 738 de

129 783 253 856 causis
269 805 348 856 non
366 781 440 856 nisi
462 781 593 871 tertio,
618 805 669 858 an
681 795 818 880 quarto
835 806 882 854 ex
900 807 979 880 quo
992 805 1142 856 exem

130 914 220 972 rant
229 926 239 987 ι
248 897 309 970 die
319 923 398 970 non
408 897 518 998 potui
532 895 737 984 dissecare,
751 913 795 972 ut
806 921 934 996 neque
944 903 1142 997 potueram

132 1041 218 1116 quae
235 1031 366 1088 ventre
387 1013 698 1105 continebantur,
715 1018 915 1116 inspicere.
934 1017 1143 1090 Cerebrnm

133 1133 253 1232 igitur
272 1131 472 1230 diligenter
498 1132 754 1232 perlustrans,
782 1135 816 1208 si
845 1134 1017 1208 omittam
1049 1119 1151 1206 iliud

135 1251 246 1350 quod
261 1250 428 1326 dubium
463 1249 552 1341 fuit,
585 1251 743 1351 piuealis
773 1251 966 1352 glandule
984 1255 1146 1352 parvita-
1176 1285 1177 1290 ¹

134 1384 213 1444 tem
228 1396 238 1458 ;
256 1369 528 1468 nonvaiiakquae
546 1368 621 1442 hue
634 1383 828 1481 speeteut,
847 1367 1054 1468 deprendi,
1074 1372 1146 1443 nisi
1208 1437 1211 1444 .

135 1485 389 1577 medullarem¹
405 1488 604 1585 utriusque
623 1483 882 1588 hemisphaerii
901 1487 1146 1564 substantiam

137 1605 357 1694 duriorem,
385 1619 544 1686 tractum
569 1617 695 1678 autem
704 1630 792 1737 ..per
825 1605 987 1686 mediam
1015 1605 1148 1680 faciem

139 1723 377 1820 superiorem
402 1721 532 1798 callosi
560 1723 733 1823 corporis
752 1722 962 1799 seeundum
985 1724 1150 1823 longitn

141 1839 271 1912 dinem
298 1838 477 1914 nonnihil
500 1841 799 1939 prominentem,
830 1865 910 1913 ιιυιι
935 1839 997 1914 hie
1028 1863 1150 1950 unum

142 1955 222 2030 ab
214 1923 321 2028 mitio
338 1955 386 2028 ad
401 1953 518 2030 finem
536 1981 677 2058 usque,
696 1957 763 2100 sed
782 1953 949 2072 quodam
973 1955 1060 2030 ioeo
1079 1958 1151 2030 dn

142 2067 960 2174 plicatum..

193 2191 228 2268 6
249 2197 305 2268 De
319 2163 457 2265 duritie
473 2137 687 2273 videbimus
701 2207 842 2292 postea.
860 2179 972 2268 dunc
984 2193 1091 2292 qnod
1105 2193 1156 2268 nd

143 2309 327 2389 callosum
359 2333 498 2409 corpus
516 2311 665 2398 attinet,
697 2310 991 2387 consideremus.
1015 2311 1083 2382 Vir
1106 2311 1151 2383 ei.

143 2435 311 2502 loannes
333 2431 525 2502 Fautonus
538 2479 549 2510 ,
563 2426 611 2501 ad
624 2453 740 2528 quem
756 2453 863 2501 snam
883 2427 931 2501 de
949 2426 1036 2501 sede
1053 2429 1157 2526 cogi*

146 2546 263 2620 tantis
283 2546 415 2620 onimae
441 2546 482 2618 in
502 2543 642 2621 calloso
667 2569 829 2644 corpore
853 2543 1155 2622 dissertationem

147 2647 1156 2780 Inncisitrsscripsit,uicutiinviroqnodam(1)minir-nn

150 2780 268 2863 stulto
280 2779 465 2880 pinealem
480 2779 697 2879 glandulam
706 2763 819 2912 triplo
834 2783 1058 2852 crassiorem
1067 2803 1158 2850 eon

150 2913 345 2999 sperent,
369 2899 421 2970 ita
438 2899 598 2972 alterum
615 2883 692 2998 (ι),
713 2898 820 2994 cujus
834 2898 873 2968 in
895 2919 1058 2996 corpore
1083 2891 1156 2970 cei·

148 3017 233 3094 loso
247 3031 433 3108 tumorem
445 3013 581 3088 durum
593 3059 604 3104 ,
614 2999 795 3113 juglande
805 3014 1008 3112 majorem,
1022 3014 1157 3112 depre„

149 3132 306 3222 hendin
326 3131 506 3208 diuturna
530 3133 688 3232 quidem
718 3134 758 3204 in
783 3132 924 3232 vertice
951 3130 1158 3230 cephalea,

153 3265 193 3324 et
209 3248 420 3349 epilepticis
432 3249 633 3333 insultibus
650 3263 843 3338 vexatum,
856 3247 921 3322 sed
932 3249 993 3322 vix
1006 3248 1174 3321 tandem·

153 3367 356 3469 postremis
381 3367 576 3444 mensibus
604 3367 778 3442 absurde·
791 3366 961 3441 locutum
987 3390 1067 3440 esse
1094 3366 1161 3437 ad-

64 3495 69 3504 '
152 3477 320 3574 notarit,
344 3511 470 3586 neque
495 3483 538 3559 id
569 3509 739 3587 semper,
762 3483 831 3560 sed
863 3499 1010 3578 tantum
1028 3507 1158 3582 saepe,

154 3605 300 3706 idque,
315 3631 403 3682 cum
421 3607 681 3684 vehementius
694 3607 758 3695 ille
775 3604 887 3680 dolor
906 3615 1070 3704 meret.
1084 3607 1163 3678 Nos

195 3891 241 3969 (ι)
259 3893 304 3950 De
317 3891 390 3950 ons.
405 3893 485 3952 med.
498 3905 527 3952 et
542 3904 621 3952 anst.
638 3892 733 3971 Epist.
752 3891 786 3964 8,
800 3890 832 3950 ιι.
848 3891 876 3948 3.

198 3990 241 4072 (ι)
261 3991 358 4068 Epist.
371 3989 399 4050 5·
857 4031 861 4036 -
