2746 4662
304 425 379 528 ,114
426 491 430 500 ,
470 443 518 498 nt
543 439 692 500 sumnus
717 439 761 488 rr
786 439 911 491 nausis
936 431 1147 514 nonnosum

181 631 185 642 ,
304 559 687 660 incommodaturum.
721 557 804 630 lmo
831 553 906 628 hoc
934 551 1057 633 lacere
1083 554 1164 651 jam
1188 554 1317 662 aliqua

307 707 353 754 ex
389 693 495 778 parte
522 672 702 772 coepisse,
737 671 832 744 illud
858 667 1013 754 fortasse
1037 669 1180 746 indicio
1212 690 1315 762 erat,

306 795 410 898 quod
438 793 632 888 interjecta
659 790 759 869 inter
783 788 1006 888 capitulum,
1034 791 1214 866 etsinum
1235 816 1316 867 mo·

305 915 393 988 bilis
416 911 592 1008 cartilago
618 910 657 986 iu
676 906 801 994 medio
826 907 1022 1006 apparuit,
1053 909 1160 1009 quasi
1190 909 1315 984 cultro

305 1031 423 1104 incisa
453 1026 604 1111 duobus
625 1024 738 1111 locis,
768 1023 886 1100 altero
910 1023 1119 1108 secundum
1147 1026 1316 1128 longitu-

305 1147 453 1246 dinem,
472 1144 590 1216 altero
610 1140 765 1238 oblique
789 1141 829 1213 in
843 1137 1123 1238 transversum·
1135 1144 1224 1215 Dixi
1253 1170 1316 1216 au·

303 1280 381 1355 tom
415 1260 600 1348 fortasse,
629 1259 739 1333 etiam
769 1258 859 1356 quia
891 1256 981 1330 huie
1009 1259 1252 1362 respondens
1278 1264 1316 1354 in

304 1382 460 1457 dextero
479 1376 637 1450 articulo
654 1375 833 1472 cartilago
849 1374 1009 1474 parvulo
1029 1390 1109 1448 erat
1128 1373 1316 1459 foramine

304 1513 478 1598 pertusa,
509 1493 649 1594 ellipsis
669 1490 790 1565 forma
800 1541 815 1600 ι,
846 1491 950 1564 nulla
964 1492 1234 1590 gmernhranula
1256 1521 1317 1586 oe·

305 1618 411 1718 eluso
433 1617 456 1711 ·(
475 1639 553 1712 quo
583 1611 702 1707 majus
736 1609 826 1692 olim
856 1608 1048 1684 interdum
1082 1613 1205 1689 visum
1236 1637 1316 1688 esse

304 1735 444 1833 scimus
467 1730 582 1828 (sl),
605 1727 711 1828 quod
740 1728 809 1810 etsi
833 1727 874 1800 in
902 1727 1029 1802 medio
1053 1728 1123 1824 sed
1154 1733 1316 1832 propius

304 1855 465 1928 alterum
482 1867 713 1940 extremum,
741 1862 778 1920 et
799 1847 1010 1922 secundum
1034 1849 1316 1951 longitudinem

302 1975 468 2076 positum
487 1983 732 2059 erat;·ta1nen
757 1980 931 2054 neutram
959 1952 1221 2066 cartilaginem
1255 1971 1315 2042 hic

302 2116 457 2194 quoque
472 2115 517 2162 ex
536 2086 684 2160 duabus
701 2084 1316 2175 constitisse‚evidenterdemons-

301 2209 494 2284 travimus.
508 2205 697 2298 Quoniam
712 2227 803 2275 vero
818 2217 953 2302 praeter
969 2204 1151 2304 incisores
1164 2205 1315 2301 dentes,
1364 2283 1368 2302 „

303 2325 433 2400 nullus
450 2323 605 2396 aniculae
626 2320 715 2394 huic
744 2319 930 2410 restabat,
962 2345 1050 2405 cum
1078 2337 1196 2422 totam
1235 2350 1314 2419 qam

304 2443 461 2544 maxillae
475 2440 588 2536 hujus
597 2453 743 2538 partem
755 2492 766 2528 ,
776 2463 859 2538 quae
874 2439 1016 2538 caeteris
1033 2439 1323 2538 olimdeutibus·

303 2565 486 2638 mserum
498 2558 635 2648 luerat,
652 2559 833 2656 utrinque
848 2557 1086 2634 ostenderem
1100 2584 1180 2635 non
1196 2560 1313 2658 modo

304 2683 411 2766 omni
428 2678 662 2754 alveolorum
682 2676 861 2776 vestigio,
889 2674 1009 2756 sedet
1034 2700 1078 2761 ea
1103 2678 1163 2753 sui
1186 2702 1313 2754 carere

303 2801 481 2900 portione
494 2799 534 2868 in
546 2819 622 2896 qua
635 2794 771 2868 alveoli
781 2793 974 2892 quondam
987 2790 1154 2888 fuerant,
1166 2811 1210 2868 ut
1224 2795 1315 2870 fora·

303 2919 407 2990 mina
425 2940 495 3014 per
516 2937 597 3012 quae
625 2913 733 2984 nervi
756 2911 1003 3012 egrediuntur
1018 2913 1224 3012 (meniana
1251 2940 1314 2991 vo·

306 3033 409 3129 cant)
431 3035 508 3130 jam
529 3033 569 3102 in
590 3027 871 3124 summoferme
889 3045 1014 3104 essent
1033 3032 1220 3128 exteriore
1236 3059 1313 3108 nta-

303 3153 401 3234 mttoe
412 3149 601 3249 margine,
619 3149 746 3246 itaque
767 3148 848 3246 ejus
870 3153 962 3226 ossis
982 3148 1222 3236 altitudinem
1245 3153 1313 3226 hu·
1364 3145 1365 3150 ’

216 3293 217 3298 ’
305 3269 503 3364 utillimam
517 3289 595 3340 esse
619 3262 775 3354 factam,
792 3266 1115 3364 quemadmodum
1134 3271 1312 3368 preclare

304 3387 353 3462 ab
377 3385 567 3484 Ruyschio
583 3384 636 3484 (3)
655 3384 979 3474 animadversum,
1000 3388 1223 3486 pictamque
1242 3403 1310 3476 est5

304 3503 434 3582 addidi
469 3503 559 3576 hinc
588 3503 790 3600 consequi,
825 3517 873 3576 ut
901 3502 1041 3602 quibus
1072 3503 1187 3602 hujus
1220 3508 1312 3602 ossis

306 3645 445 3722 corpus
458 3635 545 3720 post
561 3620 732 3716 dentium
750 3621 896 3720 lapsum
914 3624 967 3716 ita·
985 3622 1173 3714 decrevit;
1192 3623 1233 3698 in
1250 3626 1311 3714 iis,

346 3907 390 3990 (1)
409 3909 479 3966 vid.
494 3908 637 3984 stephan.
651 3906 700 3964 cit.
714 3906 745 3964 in
758 3906 874 3966 advers.
886 3907 916 3962 ll
923 3946 932 3976 ,
945 3906 1075 3966 auimad.
1088 3907 1136 3967 ae.

345 4008 389 4088 (a)
409 4009 482 4068 Obe.
495 4017 576 4066 anat.
590 4005 663 4066 thir·
676 4006 729 4078 82,
743 4015 773 4066 et
790 4004 840 4084 fig.
853 4003 907 4078 65,
921 4005 971 4067 66.
