2746 4662
74 495 139 542 ura.
153 495 203 542 ιν.
222 472 824 558 nanclarscuranac.‚etc.ur1sr.
838 494 925 544 cvrr.
956 472 1023 570 187

36 611 96 681 lam
113 605 327 700 nihilfellis
348 622 542 705 repertum
563 623 627 679 est.
648 608 721 679 Sed
735 606 873 680 horum
894 633 1028 699 nem0,

36 727 125 826 quod
148 728 286 810 sciam,
305 725 501 799 arthritide
511 725 735 814 vexabatur,
755 739 793 798 et
813 731 844 799 si
860 729 945 824 quis
964 751 1026 800 ve-

39 860 132 917 xatus
152 847 388 931 etiamesset‚
402 868 481 914 non
494 845 644 917 totalias
656 859 782 918 tamen
795 899 805 933 ,
820 869 946 943 neque
953 861 1030 918 tam

38 987 156 1060 graves
178 987 373 1049 vasorum,
399 977 437 1034 et
454 961 639 1033 viscerum
658 961 822 1034 habebat
847 962 1032 1036 laesioneso¹

79 1082 128 1154 13.
157 1085 252 1152 Sunt
264 1080 335 1152 alia
351 1080 462 1154 etiam
474 1081 563 1152 vitia
584 1105 666 1177 quae
680 1078 885 1178 aliquando
904 1081 944 1152 in
961 1105 1019 1152 ar-

37 1198 147 1269 ticulis
166 1221 205 1269 se
229 1197 451 1286 ostendunt,
477 1197 581 1269 velut
603 1196 643 1267 id
671 1196 777 1294 quod
805 1199 844 1268 in
870 1198 1030 1268 muliere

39 1315 219 1414 conspexi,
236 1315 343 1411 cujus
355 1314 529 1387 dissectio
545 1339 626 1386 non
646 1339 721 1386 una
734 1314 782 1387 de
796 1315 1030 1416 causedigna

38 1447 82 1504 est
92 1459 173 1530 quae
183 1432 246 1504 hic
264 1431 334 1504 tibi
350 1430 597 1504 describatur.

81 1557 134 1638 14,
166 1555 297 1638 Anus,
336 1549 592 1648 complurium
627 1549 842 1622 liberorum
884 1573 1028 1648 parns,

39 1682 111 1738 ante
140 1691 289 1738 menses
325 1669 474 1748 circiter
499 1683 575 1740 tres
608 1667 807 1767 apoplexia
850 1683 1027 1766 correpta

40 1784 155 1857 luerat.
176 1791 281 1857 Hanc
302 1785 485 1858 resolutio
506 1801 702 1885 exceperat
714 1801 816 1858 artus
831 1788 1028 1883 utriusque

41 1901 171 1974 dexteri
190 1905 242 1975 sic
258 1918 384 1974 tamen
399 1958 409 1992 ,
426 1903 595 1975 ut·salva
613 1903 798 1974 sentiendi
834 1901 1031 1993 facultate,

42 2022 173 2090 moveri
185 2020 362 2092 nonnihil
382 2035 545 2118 possent.
564 2019 774 2093 Novissime
796 2035 920 2091 autem
942 2043 1029 2092 cum
1118 2035 1122 2048 ⁸

42 2137 182 2231 quidam
198 2139 411 2210 accessisset
422 2139 529 2236 quasi
543 2161 678 2237 sopor,
694 2139 893 2236 minorque
912 2137 959 2208 ad
975 2139 1033 2209 lo·

44 2254 224 2348 quendum
246 2255 533 2353 promptitudo,
557 2258 598 2327 iu
619 2255 881 2328 nosocomium
911 2256 1031 2345 illata,

44 2368 87 2439 ibi
107 2373 243 2444 sensim
259 2373 369 2445 evita
388 2389 610 2462 excesserat,
622 2387 708 2471 post
718 2373 866 2445 initium
881 2371 1033 2446 decem-

44 2484 110 2559 bris
138 2492 228 2560 anni
252 2491 356 2588 1746.
376 2485 585 2563 De'multis
603 2517 685 2589 quae
703 2491 876 2589 pluribus
898 2489 1032 2562 diebus

46 2607 213 2697 secando,
230 2609 270 2679 in
284 2609 365 2706 ejus
381 2633 540 2709 corpore
556 2609 824 2695 animadverti,
846 2608 925 2678 hoec
944 2622 1033 2679 sunt

46 2726 269 2819 potissimum
289 2752 371 2823 quae
398 2727 473 2798 huc
496 2727 665 2826 attinent.
691 2731 735 2798 In
751 2741 882 2799 ventre
903 2739 1032 2796 uterus

47 2840 127 2915 adeo
139 2843 248 2916 brevi
266 2843 522 2941 longitudine,
537 2861 581 2916 ut
593 2844 654 2917 vel
670 2845 831 2916 exterius
842 2842 889 2913 ab
903 2840 1033 2914 osculo

48 2957 84 3027 ad
98 2983 286 3032 summum
306 2958 468 3033 fundum
482 2962 544 3032 vix
561 2961 658 3033 duos
670 2977 902 3034 transversos
916 2983 1036 3058 aequa·

47 3091 94 3147 ret
110 3077 255 3177 digitos.
285 3078 357 3150 Sed
376 3093 460 3150 erat
485 3093 588 3152 totus
614 3080 716 3151 inse
745 3091 980 3165 contractus,
999 3090 1037 3148 et

49 3194 299 3292 conglobatus,
314 3211 357 3269 ut
382 3197 546 3295 parvulae
572 3195 654 3295 pilae
677 3193 835 3268 referret
870 3196 1034 3293 speciem

49 3313 210 3385 nonnihil
231 3339 252 3384 a
270 3310 413 3404 fronte,
438 3329 475 3386 et
493 3339 514 3386 a
530 3329 637 3412 tergo
655 3314 857 3412 depressae,
886 3312 1047 3411 parieti·-

49 3422 108 3499 bus
126 3433 375 3529 proportione
400 3430 662 3504 crassioribus:
683 3453 845 3529 quorum
869 3428 1038 3500 substan-

49 3545 146 3638 tiam,
174 3573 261 3620 cum
284 3572 467 3638 securem,
497 3547 648 3619 lividam
674 3547 873 3646 conspexi3
892 3569 963 3616 nec
983 3567 1039 3614 sa-

52 3685 129 3734 nam
156 3665 330 3761 judicavi.
357 3664 517 3738 Alterius
549 3664 647 3737 tubae
681 3663 803 3762 majus
828 3677 1040 3735 extremum

54 3803 123 3852 non
146 3783 263 3855 modo
283 3784 507 3882 impervium
533 3798 632 3872 erat,
652 3773 723 3856 'sed
750 3804 836 3854 cum
865 3777 1040 3852 testiculo

56 3919 197 3990 prorsus
223 3915 450 3990 connatum,
469 3902 555 3999 qui,
573 3914 616 3972 ut
641 3923 813 3996 compar,
846 3895 981 3982 durus,
1004 3909 1042 3966 et

58 4014 239 4112 superficie
275 4015 559 4117 quodammodo
585 4015 767 4091 tesselata.
797 4017 842 4085 In
871 4010 1042 4099 thorace,
