2782 4652
298 401 371 502 476
442 389 513 472 'na
538 415 685 474 saotnus
709 423 754 474 er
779 385 903 474 causis
927 413 1138 477 uonnoau'u

297 563 365 613 eas
379 536 503 610 foveas
514 539 646 637 excipi.
671 539 747 610 Etsi
763 539 904 611 veroin
915 537 1062 611 cerebri
1077 537 1277 610 dissectione
1360 613 1361 616 ,

298 672 448 757 septum
460 655 693 745 lucidum,et
704 645 887 730 fornicem
905 657 1138 754 laxapraeter
1148 679 1278 726 omnen
1358 654 1359 681 ³

298 775 472 862 modum,
491 777 569 846 imo
588 776 686 846 inter
706 773 799 846 duas
814 775 894 870 ejus
914 775 1010 872 septi
1029 773 1186 845 laminas
1198 797 1279 870 aque
1360 847 1361 870 χ

300 891 442 990 aliquid
454 889 709 989 deprehendi,
728 891 768 962 in
784 889 1003 964 lateralibus
1015 906 1143 962 autem
1162 889 1280 960 ventri·

301 1009 396 1084 culis
407 1031 543 1106 aquam
563 1009 644 1104 ejus
656 1008 815 1080 similem
825 1009 864 1080 in
877 1031 955 1105 qua
973 1031 1108 1080 recens
1127 1031 1211 1078 caro
1223 1007 1283 1077 lota
1356 1100 1359 1113 Ι

299 1130 365 1214 sit,
389 1149 468 1197 non
497 1125 655 1202 multam
678 1124 853 1223 quidem,
881 1149 1008 1224 neque
1044 1149 1134 1196 cum
1162 1123 1282 1223 pallore
1358 1202 1359 1224 1

298 1241 492 1316 cboroidis
511 1242 658 1346 ¹plenus
691 1243 962 1339 conjunctam,
997 1241 1147 1314 cerebri
1178 1257 1281 1313 tameo
1358 1231 1359 1258 ³

297 1360 438 1458 ipsius,
463 1375 500 1432 et
515 1358 725 1458 oblongatae
743 1357 995 1451 medullosa
1015 1383 1234 1445 nervorum,
1248 1381 1281 1426 ex

300 1474 373 1545 hae
392 1475 619 1564 orientium,
638 1475 902 1554 ,substantiam
937 1477 1023 1548 satis
1054 1475 1227 1560 firmam,
1256 1485 1283 1542 et

302 1592 460 1665 omnino
483 1592 692 1679 secundum
718 1593 1056 1668 naturam-inveni.
1085 1597 1173 1684 Quo
1189 1591 1286 1688 magis
1356 1574 1359 1591 ⁵

300 1733 362 1782 me
379 1710 540 1807 perculit
555 1712 661 1782 nervi
681 1712 797 1809 optici
819 1710 962 1782 dexteri
979 1711 1214 1793 constitutio,
1224 1701 1284 1804 ‘qui
1304 1783 1307 1790 ,
1356 1687 1359 1836 l

302 1827 463 1902 eumad
492 1829 673 1899 unionem
708 1843 830 1924 usque
860 1851 947 1900 cum
982 1829 1164 1917 sinistro,
1195 1847 1286 1899 sanus
1355 1841 1359 1937 1

304 1964 477 2044 prorsuS,
494 1944 684 2076 bujusque
699 1944 910 2018 simillimus
928 1945 1058 2018 fuisset
1063 1959 1236 2046 ,repente
1248 1939 1285 2012 ab
1356 1940 1359 2028 1

214 2163 217 2166 ¹
302 2087 445 2136 unione
458 2087 582 2134 minus
602 2085 716 2159 quam
729 2079 893 2151 sinister,
916 2061 1193 2144 evrdentrssrme
1206 2083 1284 2132 cras·
1355 2081 1359 2169 q

304 2203 389 2268 sus,
402 2193 449 2249 et
467 2178 564 2259 ad
533 2202 725 2252 cinereum
753 2179 919 2253 colorem
944 2179 1131 2254 accedens
1159 2179 1285 2275 conspi·
1356 2178 1359 2189 '

305 2297 489 2386 ciebatur,
499 2300 598 2370 etsie
610 2297 658 2369 ad
670 2295 828 2370 orbitam
840 2299 1033 2397 pergebat.
1047 2297 1359 2388 Quamobrem
1360 2329 1361 2332 ¹

306 2400 488 2486 continuo
507 2439 556 2486 an
576 2439 695 2491 caeeus
715 2416 827 2488 oculo
848 2415 1003 2488 dextero
1025 2415 1146 2488 homo
1164 2415 1285 2498 fuisset,

310 2532 517 2604 sciscitatus
551 2555 654 2622 sum,
681 2549 717 2605 et
747 2557 833 2605 cum
858 2532 897 2604 id
922 2532 1060 2606 diserte
1092 2545 1286 2632 negaretur,

307 2649 461 2724 oculum
489 2650 594 2722 illum
627 2651 855 2750 inspectavi,
883 2673 962 2722 nec
997 2651 1124 2724 minus
1161 2651 1286 2723 sinistro

253 2829 254 2834 ,
308 2765 509 2864 pulchrum
538 2779 748 2866 sanumque
779 2765 1035 2867 deprehendi:
1068 2791 1193 2866 neque
1209 2767 1286 2835 inm

306 2881 470 2956 orbitam
490 2886 658 2984 opticum
677 2883 779 2958 illius
792 2902 951 2958 nervum
966 2883 1014 2956 ab
1030 2885 1182 2958 sinistro
1200 2875 1287 2980 'quid-

308 3023 422 3097 quam
441 3001 518 3097 jam
539 3000 690 3074 differre
704 3002 865 3101 amplius
889 3003 1085 3100 conspexi,
1115 3003 1189 3074 nisi
1202 2992 1285 3098 quod

306 3117 562 3214 paulominus
574 3133 699 3190 tamen
717 3130 796 3191 erat
812 3141 967 3192 crassus.

317 3325 320 3332 ¹
357 3258 391 3329 9.
410 3233 482 3305 Sed
502 3259 587 3332 quae
612 3233 853 3310 difficillimos
882 3235 1239 3335 habentexplicatus
1255 3230 1284 3298 io
1358 3279 1359 3302 1

308 3349 410 3424 aliud
425 3365 575 3448 tempus
589 3353 815 3448 rejicientes,
828 3352 875 3424 ad
885 3354 1056 3452 planiora
1065 3347 1285 3426 nuncredea-

307 3489 410 3555 ntus,
441 3467 820 3567 observationemque
840 3468 971 3561 aliam,
995 3453 1039 3544 et
1056 3469 1191 3544 deinde
1213 3483 1285 3538 con·

244 3576 246 3581 ¹
303 3587 488 3683 jacturam
507 3585 708 3684 quamdam
724 3587 952 3683 adjiciamus.

361 3728 415 3774 ro.
435 3706 742 3802 Molitorisquem
762 3729 901 3778 caecum
917 3705 1028 3778 fuisse
1052 3705 1283 3792 alebamur

310 3819 385 3892 alio
413 3837 540 3894 tamen
567 3839 702 3921 preater
734 3821 913 3896 baculum
942 3847 1052 3898 suum
1089 3823 1207 3909 duce,
1232 3831 1284 3914 ptr

221 4033 230 4042 ἰ
310 3935 447 4010 urbem
461 3939 516 4012 ire
537 3942 795 4031 consuevisse,
814 3942 937 4031 oculi,
958 3965 1056 4041 quos
1076 3939 1283 4014 dissererem,
