2700 4660
102 405 649 479 nn.1v.unuonn1sc1nnnnc.‚
665 395 736 462 etc.
754 409 866 461 ansa.
880 405 954 460 clx.
981 383 1053 486 269

61 547 121 598 sua
147 529 409 601 observatione
433 543 561 625 patere
585 542 802 614 censuerat,
822 551 970 598 veneno
989 526 1057 596 illo

58 651 281 742 potissimum
308 647 483 736 inficiunt
503 642 617 716 fuisse
631 643 818 741 fluidum,
849 645 1057 732 cerebrum,

63 783 257 859 nervosque
273 763 461 858 ‘irrignum
483 764 534 833 ita
562 762 800 861 Sproegelius
828 787 961 850 casua
984 761 1059 834 hoc

64 880 242 951 conclusit
258 879 330 974 (1):
345 904 428 950 cum
444 878 605 964 nullum,
623 880 766 976 inquit,
780 903 847 950 nec
864 886 1061 967 enesionis,

61 1019 121 1066 nec
137 989 443 1092 inflammationis
462 1003 500 1065 in
514 995 688 1102 animali,
706 996 779 1066 lnoc
796 1021 941 1068 ueneno
966 1002 1059 1068 inte·

64 1129 200 1207 rempto
212 1169 222 1201 ,
236 1119 385 1210 signum
401 1111 582 1199 viderim,
606 1117 685 1184 vim
703 1138 810 1184 suam
820 1119 1060 1212 potissimum

63 1233 97 1297 in
123 1255 253 1302 nereos
275 1236 438 1326 exegisse
466 1245 631 1328 oportet,
648 1229 864 1302 vellicando
890 1257 1062 1304 ueroeam

64 1346 257 1419 ventriculi
270 1349 534 1418 membranam.
557 1349 659 1437 Quin
673 1348 928 1444 experimenta
949 1352 1061 1422 etiam

65 1463 198 1560 inspice
215 1463 799 1560 Wepleri,Brunncri‚Nicholsii
815 1467 852 1537 in
872 1469 915 1539 iis
928 1471 1063 1540 anima·

65 1578 156 1652 libus
186 1580 336 1669 habita,
369 1581 509 1678 quibus
537 1581 745 1680 vegetabile
773 1583 929 1680 aliquod
950 1611 1063 1660 vene-

66 1721 169 1786 num,
193 1712 231 1769 et
257 1699 452 1770 nonnullis
474 1698 605 1770 eadem
634 1725 717 1796 quae
747 1703 1006 1800 Sproegelius,
1027 1721 1065 1778 et

66 1813 224 1910 Heydius
238 1813 486 1913 praebuerant.
507 1819 641 1887 Gravia
655 1818 695 1885 in
706 1817 885 1889 omnibus
900 1837 1064 1919 sympto-

67 1947 180 2019 mata,
205 1955 276 2004 nec
294 1933 414 2003 multo
433 1947 518 2030 post
544 1932 765 2004 devoratum
790 1937 978 2007 venenum
1005 1941 1064 2010 in-

67 2051 256 2144 gruentia3
275 2071 354 2120 non
369 2052 540 2120 omniurn
550 2065 676 2126 tamen
690 2049 963 2124 inflammatum
973 2079 1064 2127 ven=

67 2166 237 2238 triculum
263 2164 373 2238 fuisse
400 2165 509 2264 leges.
548 2173 593 2237 In
622 2168 749 2264 aliquo
770 2159 870 2240 eniin
892 2169 969 2268 (a)
1006 2178 1064 2244 in·-

68 2295 167 2354 terna
189 2284 390 2355 ventriculi
405 2287 617 2382 superficies
638 2285 851 2374 allueret,
871 2313 938 2360 nec
955 2289 1064 2364 ullibi

67 2398 126 2470 vel
144 2407 338 2474 minimum
362 2403 671 2496 inflammationis
702 2395 847 2500 signum
867 2415 1060 2504 apparuit.

68 2519 106 2588 In
123 2520 196 2589 alio
218 2520 477 2615 (32anfractus
504 2519 703 2591 ventriculi
723 2521 954 2612 albicabant,
974 2541 1011 2596 et
1033 2525 1068 2598 si

68 2635 202 2708 alicubi
219 2636 420 2735 paululum
435 2643 552 2733 magis
571 2639 692 2732 quam
708 2637 804 2708 alias
830 2641 1062 2734 observatur,

68 2754 267 2841 rubebant,
286 2769 496 2826 nontamen
512 2757 1064 2854 manffesteinflammatierunt,

65 2871 104 2940 In
118 2873 190 2943 alio
227 2872 281 2968 (4)
313 2871 420 2942 nulla
451 2874 491 2942 in
523 2871 736 2943 ventriculo
761 2874 1064 2969 inflammationis

67 2993 167 3084 signa
190 2991 379 3060 observari
402 3005 630 3087 potuerunt,
653 2992 799 3061 tametsi
824 2994 1063 3084 anfractuum

16 3087 17 3092 ἵ
67 3108 271 3203 superficies
283 3112 404 3178 minus
422 3107 516 3180 alba
535 3123 631 3190 erat,
650 3133 696 3178 ac
710 3107 808 3178 alias
829 3117 1060 3208 conspicitur.

66 3216 104 3292 ln
121 3224 193 3295 alio
212 3223 267 3322 (5)
287 3223 690 3322 denique‘ventriculi‚
709 3242 746 3297 et
763 3225 930 3298 duodeni
944 3231 1062 3302 intes*

107 3533 187 3618 (S

124 3561 134 3597 1

118 3536 238 3722 4))5514
215 3641 366 3698 Additum
381 3641 419 3698 ad
433 3654 502 3700 sect
518 3639 778 3723 hancSepulchr„
791 3647 855 3704 obs.
869 3645 902 3719 5,
915 3648 984 3706 hist
1000 3665 1026 3704 1

119 3739 147 3817 3)
169 3739 246 3797 lbid.
262 3741 326 3797 obs.
341 3740 377 3811 6,
396 3737 465 3798 hist.
483 3763 511 3800 1.

140 3857 149 3915 l

144 3954 156 4016 l

105 3638 116 3717 (

106 3737 118 3815 (

108 3837 138 3916 (4
122 3837 249 3906 albid.
264 3841 327 3896 obs.
344 3859 371 3910 7,
386 3841 456 3897 hist.
475 3861 501 3899 1.

110 3935 149 4017 (5
176 3939 250 3998 Obs.
261 3939 328 4000 cad.
341 3936 453 3998 hictu&
