2746 4662
102 453 171 505 am.
185 453 237 504 ιν.
251 451 297 502 oa
309 450 444 500 atomis
456 449 634 502 emanue.
643 439 735 522 ,etc
746 453 859 504 amsa.
869 453 956 504 cvn.
986 455 1052 532 ¹77

53 567 127 666 jam
145 583 312 656 vacaret,
337 566 535 638 imminuta
556 565 763 664 plurimum
792 569 910 640 urinae
927 593 1056 642 exere-

56 688 176 774 tione,
196 685 427 782 hydropicus
445 680 529 754 fieri
550 684 652 756 visus
677 698 750 772 est,
767 683 958 783 fiebatque
980 684 1056 758 for-

56 818 167 893 tasse,
183 803 259 876 nisi
281 801 534 874 valentissimo
559 800 746 874 diuretico
761 803 930 875 remedio
946 804 1055 894 dato,

58 945 187 1018 magna
205 919 289 992 lotii
305 920 361 990 vis
383 908 592 1022 prodiisset.
619 921 675 991 Ne
700 918 765 991 illo
787 919 941 1018 quidem
960 937 1057 994 tem·
1123 958 1126 967 ,

57 1061 143 1134 pore
158 1015 331 1109 calculus
360 1050 586 1134 conspectus
608 1050 663 1108 est
683 1036 800 1124 ullus,
823 1061 947 1134 neque
969 1062 1057 1136 pos-

58 1168 111 1226 tea
130 1153 233 1226 bene
259 1153 388 1224 multis
404 1153 517 1224 anuis
550 1151 771 1251 quodquam
802 1179 937 1227 renum
956 1155 1061 1228 labo·

57 1271 219 1342 rantium
235 1269 417 1341 indicium
445 1267 537 1360 fuit3
557 1273 703 1342 tametsi
724 1273 875 1344 mutatis
895 1272 943 1344 ad
957 1273 1054 1346 cele-

58 1389 201 1460 ritatem
219 1387 326 1486 equis
345 1385 464 1458 rheda
486 1386 689 1462 veheretur
724 1388 836 1486 longa
863 1391 998 1478 etiam,
1021 1405 1059 1462 et

57 1527 182 1602 aspera
202 1504 281 1592 via,
298 1503 400 1574 velut
418 1528 521 1574 anno
546 1529 660 1602 1721,
680 1529 768 1576 cum
791 1505 882 1578 hinc
898 1510 1057 1579 Romam

60 1622 150 1706 iret‚'
165 1619 335 1717 indeque
360 1622 550 1692 Patavium
579 1637 778 1719 repeteret.
812 1626 953 1696 Verum
978 1649 1058 1696 non

61 1753 98 1809 ut
113 1737 338 1837 nephritici‚
357 1738 409 1808 sie
429 1737 613 1810 arthritici
629 1763 782 1836 quoque
795 1739 949 1814 dolores
963 1765 1059 1815 sem·

61 1879 121 1954 per
134 1855 208 1928 illis
225 1857 334 1926 annis
349 1855 549 1951 quievere3
566 1855 644 1930 imo
663 1855 824 1928 subinde
839 1856 1056 1950 redeuntes,

62 1973 301 2062 coerebrius‚
321 1973 545 2070 graviusque
575 1971 813 2062 cruciabant,
843 1975 948 2071 quod
966 2001 1058 2074 pro·

62 2106 137 2189 pter
160 2090 322 2164 obesum
337 2091 518 2188 corporis
542 2087 735 2179 habitum,
757 2087 979 2164 inferiorum
996 2117 1057 2164 ar·

62 2221 159 2280 tuum
175 2207 294 2280 robur
311 2205 523 2294 infirmum,
549 2221 588 2278 et
606 2221 868 2304 augescentem
892 2223 1055 2301 atatem,

63 2325 285 2422 minusjam‚
298 2324 498 2418 minusque
513 2323 553 2392 in
569 2321 650 2394 dies
668 2325 724 2394 uti
746 2339 894 2422 poterat
913 2323 1054 2398 exerci-

62 2443 203 2514 tatione
221 2446 304 2512 Huc
318 2437 519 2510 accedebat
537 2438 681 2510 assidua
699 2441 775 2534 jam
796 2440 945 2537 alongo
960 2459 1054 2512 tem-

63 2581 144 2654 pore
169 2559 245 2631 alvi
269 2555 480 2641 ads-trictio,
501 2556 632 2652 capitis
653 2554 810 2644 deinde,
840 2571 876 2626 et
906 2557 1053 2632 auditus
1072 2583 1095 2598 '⁸

64 2679 228 2770 gravitas,
260 2690 297 2748 et
327 2672 374 2748 ad
405 2695 580 2745 somnum
603 2671 834 2769 proclivitas,
862 2697 933 2744 nec
968 2697 1052 2746 rara

64 2787 214 2892 denlque
227 2791 343 2862 animi
357 2787 531 2886 deliquia.
553 2789 622 2858 Per
641 2786 719 2858 haec
733 2811 978 2859 cumannum
990 2797 1052 2866 vix
1159 2779 1162 2784 ⁵

64 2911 230 3009 exegisset
251 2907 521 3004 sexagesimum
545 2919 741 3002 quartum,
766 2903 870 2974 nulla
884 2907 1052 3002 primum

64 3025 225 3099 ciborum
245 3023 478 3123 appetentia,
497 3037 578 3092 tum
595 3019 812 3092 arthriticus
834 3022 975 3118 ingruit
992 3049 1052 3123 pa-

63 3163 267 3242 roxysmus:
293 3142 447 3236 jamque
474 3159 608 3208 manus
631 3136 803 3225 dextera,
818 3151 862 3234 *et
882 3161 984 3235 genu
1007 3143 1053 3213 si-

63 3258 208 3331 nistrum
241 3273 387 3328 tumere
425 3267 616 3350 coeperant
627 3281 653 3340 ‚a
674 3277 761 3324 cum
797 3253 1052 3328 tristissimum
1158 3287 1162 3296 ¹

63 3379 192 3474 accepit
219 3373 403 3446 nuncium
431 3371 478 3441 de
502 3369 629 3440 lethali
656 3368 792 3440 morbo
823 3371 1053 3448 serenissimi

64 3485 193 3580 fratris,
212 3514 328 3588 quem
346 3490 455 3558 unice
472 3485 638 3571 amabat,
651 3489 670 3554 J
674 3485 807 3554 oannis
816 3487 1051 3560 Venetorum

63 3607 172 3682 Ducis.
192 3606 304 3680 Unde
323 3629 460 3703 magno
476 3602 619 3699 alioqui
635 3603 762 3672 animo
786 3602 910 3672 virum
934 3604 1050 3674 incre·

64 3721 171 3798 dibilis
188 3725 362 3796 moestitia
375 3722 489 3818 cepit,
507 3743 671 3814 moxque
685 3717 877 3789 arthritica
893 3717 1050 3790 materia

63 3861 127 3914 non
149 3842 264 3914 modo
296 3839 344 3912 ad
374 3836 552 3910 articulos
585 3835 721 3933 expelli
755 3833 882 3918 desiit,
914 3857 1048 3906 verum

65 3960 158 4032 etiam
175 3984 258 4061 quae
276 3955 430 4058 expulsa
447 3967 542 4046 erat,
562 3952 603 4024 in
624 3974 739 4024 venas
755 3948 887 4038 rediit,
903 3965 942 4023 et
958 3973 1051 4051 praa·

123 4101 157 4176 7.
858 4093 904 4144 ra
