2858 4658
164 419 235 466 mn.
251 416 300 474 iv.
317 418 365 468 ns
379 416 515 468 uonna
526 415 704 468 curnunc.
717 409 810 484 ,etc
826 417 937 470 amsa.
951 420 1008 466 av.
1060 397 1115 486 43·

99 531 154 606 vis
168 547 277 607 aestas
295 503 487 604 inierdum
507 544 604 604 essct
624 529 826 609 adnotavit.
849 537 926 631 Ego
945 549 1028 606 uta
1049 535 1107 604 vi-

97 673 280 748 perarum
299 673 375 722 usu
392 673 609 746 nunquam,
637 648 689 722 sic
715 649 827 722 etiam
852 649 891 720 in
911 650 1107 749 decrepito

98 767 173 840 hoc
203 791 296 840 sene
328 767 417 842 anni
435 780 619 864 tempore
653 765 903 857 calidissime,
931 783 968 840 et
985 769 1025 838 in
1044 791 1110 840 rea

100 883 211 982 gione
243 885 383 984 potius!
403 882 522 957 calida
547 906 673 980 neque
694 884 793 956 sitim
820 884 956 972 ullam,
980 909 1105 982 neque

100 1002 302 1100 spirituum
320 987 624 1100 dissipationem,
648 1005 726 1076 imo
751 1001 891 1097 horum
920 1003 1105 1076 instaura·
1178 997 1179 1000 ¹

102 1121 247 1192 tionem
283 1119 553 1207 animadverti,
600 1145 686 1204 nec,
703 1121 834 1194 siccari
872 1119 1105 1219 quidquam,

99 1239 171 1310 nisi
191 1263 287 1340 euin
298 1264 413 1338 quem
425 1240 557 1314 siccari
572 1239 770 1330 volebam,
794 1237 1025 1330 abscessum3
1044 1265 1104 1313 re-

98 1355 248 1452 liquum
279 1371 402 1429 autem
430 1357 572 1430 interea
601 1381 741 1457 corpus
773 1381 854 1428 non
881 1357 998 1428 modo
1022 1381 1127 1430 non,

101 1475 249 1562 siccari,
267 1473 333 1547 sed
351 1471 468 1548 refici.
486 1479 627 1550 Contra
645 1475 708 1546 alii
725 1479 805 1546 ison
822 1475 908 1573 plus
924 1499 946 1548 a
961 1477 1102 1572 viperis

100 1591 373 1688 expectandum
406 1593 527 1678 aiunt,
549 1601 664 1689 quam
691 1619 718 1664 a
753 1592 905 1690 reliquis
936 1599 1102 1664 omnium

100 1714 349 1784 animantium
360 1710 539 1808 partibus
568 1695 734 1808 siccatis,
756 1694 759 1699 ⁸
770 1709 981 1808 gelatinaso
1007 1735 1102 1808 quo·
1138 1733 1141 1742 ¹

100 1825 207 1915 dam,
226 1827 367 1925 blanda
384 1824 588 1922 sulphureo
605 1843 643 1898 et
656 1851 850 1926 vaporum
873 1851 981 1900 succo
996 1851 1100 1930 prae-

100 1943 390 2044 ditb..1ntelligis
400 1943 499 2032 ,haec
514 1945 554 2016 in
565 1945 610 2016 iis
620 1944 837 2043 regionibus
853 1948 990 2042 scripta
1004 1965 1101 2036 esse,

100 2061 137 2134 in
158 2060 301 2159 quibus
326 2061 434 2160 copia
451 2085 540 2135 non,
555 2063 843 2134 estrecentium
872 2062 1098 2160 viperarum.

101 2179 354 2270 Quamobrem
373 2204 453 2252 non
479 2157 618 2268 miror,
641 2177 747 2276 quod
771 2175 880 2254 ibiin
900 2181 1101 2278 atrophia,

100 2295 135 2366 in
146 2297 314 2394 phthisi,
345 2297 386 2368 iu
401 2297 544 2384 scabie,
575 2297 615 2368 iu
637 2296 795 2395 aliasque
812 2297 922 2393 hujus
953 2297 1103 2395 generis

102 2413 206 2484 malis
238 2417 353 2486 uaria
382 2439 433 2486 cx
460 2419 600 2514 umeris
630 2417 801 2504 confecta
828 2414 1100 2488 medicamenta

100 2529 193 2602 nibil
207 2536 474 2630 praestiterant,
508 2545 573 2604 aut
604 2531 707 2628 quod
734 2532 833 2602 nibil
858 2547 955 2604 certe
985 2531 1101 2604 solidi

103 2649 202 2747 quod
216 2673 344 2748 operae
351 2650 671 2746 pretiamfaciat,
687 2647 831 2723 auxilii.
842 2648 890 2720 ab
906 2645 1039 2720 iisdem
1060 2653 1099 2718 in

23 2857 24 2864 ἵ
104 2763 902 2872 impuritatibussaaguiniscorrigendcspeti
914 2781 951 2836 et
965 2789 1098 2864 capec-
1144 2776 1146 2782 ’

103 2890 172 2954 tari
188 2905 323 2984 posse,
356 2883 512 2962 dicatur.
537 2882 633 2957 Mihi
652 2908 755 2964 vero,
770 2908 851 2956 non
879 2883 925 2956 de
955 2885 1101 2956 siccatis

103 3004 254 3102 viperis,
283 3003 547 3102 paratisvesic
576 3001 860 3076 medicamentis
885 3002 948 3074 hic
974 3025 1099 3074 sermo

104 3136 172 3209 est,
189 3121 256 3194 sed
270 3120 318 3194 de
337 3119 577 3210 recentibus3
598 3119 671 3192 illis
691 3121 797 3222 enim!
812 3119 944 3194 has‘ut
962 3135 1099 3218 praetu-

104 3235 226 3328 lerim,
247 3239 392 3328 vidisti,
421 3241 565 3338 quippe
588 3220 633 3310 in*
655 3238 829 3312 abscessu
852 3240 927 3337 ¹qui
945 3253 1100 3312 eatenus

107 3361 219 3430 sanari
246 3382 325 3429 non
353 3373 549 3456 potuerat,
581 3359 824 3431 vetustiorem
860 3359 974 3456 quam
1004 3373 1100 3455 quos

106 3473 169 3570 ipsi
198 3475 375 3564 laudant,
411 3464 673 3574 illusiremque
706 3490 899 3547 auctorem
929 3491 1100 3574 secutuS,
1190 3558 1193 3582 1

106 3593 302 3666 Antonium
322 3599 488 3681 Musam,
513 3593 580 3692 qui
602 3593 701 3664 utin
725 3593 829 3666 Italia
848 3592 1007 3692 degebat
1025 3597 1100 3664 Au-

108 3711 196 3802 gusti
210 3711 399 3802 medicus,
426 3737 508 3783 cum
532 3710 719 3782 incidisset
742 3715 780 3780 in
803 3709 1029 3781 insanabilia
1045 3709 1100 3784 ul·
1186 3700 1189 3706 ’
1285 3796 1290 3810 ¹

108 3847 198 3921 tera,
214 3834 368 3930 viperas
388 3827 552 3902 edendos
571 3828 707 3917 dabat,
723 3833 895 3928 miraque
913 3827 1103 3899 celeritate
