2700 4660
105 397 175 445 eta.
192 395 243 442 tv.
258 397 306 442 nr.
321 394 457 442 uonets
469 393 669 459 ommino,
684 384 753 442 etc.
769 395 882 462 nerse.
896 395 968 442 mx.
998 372 1065 444 281
1176 428 1177 432 η

59 511 245 582 immunis
269 522 326 581 est
348 506 534 606 redditus.
556 506 620 582 ,Ad
646 506 753 604 quod
780 507 883 582 adde.
911 509 1070 582 alterum

65 654 109 698 ex
132 624 479 725 Sydenhemio(1),
508 625 576 723 qui
604 624 679 696 hoc
703 650 781 696 uno
808 626 977 698 remedio
1007 651 1072 698 co·

59 747 165 842 piose
182 744 291 829 dam,
314 756 351 816 et
368 767 436 840 per
461 741 587 816 sedem
612 742 770 838 injecto,
793 767 880 814 eum
909 744 1072 818 servaiit

61 866 126 959 qui
140 859 255 948 haud
271 859 460 932 modicam
485 863 660 932 mercurii
687 859 878 948 sublimati
893 863 1072 940 corrosivt'

59 985 316 1078 quantitatem
332 976 587 1075 deglutiverat.
597 981 643 1048 Et
659 977 911 1050 Boerhaavius
921 978 986 1074 (a),
1002 977 1069 1050 ubi

61 1122 100 1168 ea
117 1095 308 1194 proponit
334 1120 418 1193 quae
443 1094 658 1170 adhibenda
678 1110 786 1180 sunt,
810 1119 899 1168 cum
929 1096 1069 1192 sumpti

60 1214 199 1284 veneni
219 1213 365 1310 species
376 1214 590 1311 ignoratur,
603 1237 681 1284 nou
701 1210 818 1284 modo
834 1209 915 1284 eam
930 1211 1071 1308 Syden-

60 1327 177 1401 hamii
203 1331 464 1418 curationem,
492 1329 556 1404 sed
582 1345 620 1404 et
638 1331 820 1426 pleraque
842 1355 974 1402 eorum
996 1330 1071 1402 lau·

61 1446 121 1518 dat
155 1473 244 1544 quae
274 1447 388 1546 paulo
422 1462 508 1520 ante
533 1446 785 1538 dicebamus,
819 1460 857 1520 et
891 1447 930 1518 in
966 1447 1072 1544 aegris

60 1565 130 1637 iilis
142 1565 478 1662 adhibuimus,ne
493 1565 632 1639 balneo
654 1564 828 1662 quidem,
850 1579 887 1646 et
905 1565 994 1662 opio
1012 1564 1074 1638 de·

62 1683 202 1780 nique,
223 1682 501 1780 praetermissis,
530 1683 769 1781 quodetiam
791 1681 956 1754 ostendit
979 1707 1073 1779 qua-

62 1813 171 1872 tenus
195 1799 288 1872 utiie
311 1823 391 1872 esse
406 1801 535 1898 possit.
554 1806 693 1872 Caetera
712 1799 752 1868 in
767 1824 812 1870 eo
826 1785 945 1896 quem
956 1799 1072 1872 modo

63 1917 313 1990 indicavimus
329 1917 416 1995 loco
430 1918 556 2017 ,apud
574 1917 837 1992 Ettmullerum
850 1942 948 2018 ,non
968 1918 1075 1990 omit·

63 2049 221 2108 tuntur:
242 2060 325 2132 quae
340 2051 383 2110 ut
401 2035 615 2136 profuerint
631 2062 718 2108 cum
739 2061 928 2110 venenum
948 2037 1075 2108 minus
1137 2129 1140 2138 .

66 2169 160 2226 esset
180 2169 338 2243 notum,
360 2159 494 2228 Scretae
506 2157 546 2228 in
562 2155 810 2254 Sepulchreto
827 2153 880 2252 (3)
899 2154 1075 2228 observa·
1127 2243 1130 2247 ι
1187 2239 1194 2246 ,

65 2274 115 2344 tio
131 2283 333 2348 monstrat.
348 2277 443 2348 Cum
463 2297 554 2369 vero
577 2275 657 2380 ejus
668 2275 811 2373 species
831 2274 980 2372 cognita
998 2287 1076 2362 est,

67 2405 368 2488 quantopraestet
382 2391 559 2466 remediis
577 2395 653 2479 uti,
672 2393 748 2491 ipsi,
758 2391 996 2491 peculiariter
1010 2389 1075 2463 ad-

66 2508 329 2600 versantibus,
368 2509 478 2597 duae,
520 2511 686 2607 primum
717 2507 820 2580 haud
854 2507 1073 2596 dissimiles,

68 2628 166 2700 exitu
183 2609 309 2700 autem
331 2626 582 2700 dissimillimo
601 2625 795 2700 docebunt
820 2624 1003 2712 historiae,
1020 2626 1075 2696 al·

68 2760 145 2818 tera
160 2745 304 2818 ibidem
327 2745 398 2840 (4),
425 2746 539 2818 altera
568 2745 671 2843 apud¹
690 2744 756 2816 cel.
789 2741 979 2816 Meadium
997 2741 1075 2840 (5),

72 2863 99 2934 si
127 2864 230 2934 inter
255 2887 298 2934 se
323 2857 496 2937 conferre
526 2861 699 2954 volueris.
726 2865 909 2932 Ceterum
930 2859 976 2931 ab
996 2886 1076 2933 uno

72 2979 283 3076 eodemque
303 3003 451 3056 veneno
469 3003 584 3076 quam
593 2979 695 3050 varia
710 2979 749 3048 in
760 2975 883 3050 tribus
897 2977 969 3048 illis
979 3003 1077 3076 quos

73 3097 184 3170 simul
200 3098 327 3172 curavi
337 3095 412 3194 (6),
429 3098 506 3176 sint
528 3113 610 3172 orta
630 3109 900 3194 symptomata,
919 3096 992 3168 nisi
1009 3119 1078 3194 per

126 3433 153 3514 ι)
174 3437 269 3512 Epist.
284 3457 418 3512 respons.
431 3439 462 3508 Ι,
480 3455 556 3492 vers.
573 3435 625 3492 fin.

123 3534 155 3612 a)
173 3536 243 3592 vid.
269 3537 365 3593 instit.
382 3541 398 3600 ς
414 3553 506 3610 1129,
522 3546 551 3592 et
564 3537 693 3592 Praelect.
712 3536 751 3594 ad
767 3535 865 3594 eumd.
881 3539 907 3608 S.

126 3635 155 3711 3)
176 3623 255 3694 Hist.
274 3655 310 3692 ιο
327 3636 359 3692 in
375 3637 425 3692 eit.
444 3636 509 3691 obs.
530 3635 575 3690 13.

128 3731 155 3812 4)
176 3735 252 3792 Hist.
272 3735 318 3792 13.
730 3803 736 3814 .

132 3832 161 3911 5)
181 3837 280 3892 Tract.
293 3835 448 3894 dervenen.
462 3845 582 3893 tentam.
597 3833 658 3902 tin
670 3831 721 3890 fin.

178 3937 216 3994 N.
239 3955 254 4009 7
272 3946 302 3994 et
317 3936 346 3994 8.
447 3965 453 3988 .
