2858 4658
293 421 339 498 aa
462 446 510 494 nr
535 443 681 496 sasinus
706 444 750 492 nr
775 441 899 494 crusis
923 441 1132 500 uomoaun

291 558 505 659 appellant,
535 557 636 630 renis
662 555 804 631 sinistri
835 553 1061 658 membrana
1082 557 1277 656 pinguedo
1288 544 1309 648 ,'

291 702 375 774 quar
394 701 473 747 non
491 674 610 748 multa
626 687 720 763 erat,
743 669 847 746 iusca
867 687 904 746 et
927 672 1113 748 subliuida
1129 674 1301 750 animad-

289 817 398 874 versa
415 807 480 865 est.
508 791 631 868 Colon
654 806 780 864 autem
805 792 931 890 ipsum
960 791 1008 864 ab
1039 791 1189 866 inclusa
1211 817 1301 868 aere

288 911 405 1010 triplo
418 934 533 1008 quam
550 910 667 984 soleat
681 909 803 984 latius.
812 909 1056 982 Ventriculus
1066 923 1300 1002 contractus,

290 1028 454 1106 exterius
469 1025 688 1116 subiuscus,
706 1028 866 1100 interius
879 1042 1022 1118 autem,
1041 1028 1121 1100 sine
1136 1027 1302 1128 ullaqui·

291 1144 379 1218 dem
400 1147 596 1236 erosione,
621 1144 874 1220 inflammatus
893 1145 942 1218 ad
967 1145 1100 1244 palmae
1120 1146 1301 1245 amplitu-

289 1262 420 1338 dinem
439 1265 507 1362 qui
521 1263 659 1339 lienem
678 1262 913 1368 respiciebat.
934 1267 1014 1336 Ima
1033 1287 1100 1336 ora
1117 1243 1299 1362 Jecinoris

289 1379 417 1470 livida,
432 1395 471 1462 et
486 1382 722 1480 nigrescens,
742 1405 814 1452 nec
830 1395 958 1454 tamen
977 1378 1179 1478 profunde.

248 1481 249 1486 ¹
337 1496 507 1570 Thorace
522 1497 685 1580 recluso,
694 1522 773 1568 non
782 1498 910 1572 minus
920 1521 1034 1596 quam
1048 1497 1299 1596 diaphragma

289 1612 638 1692 ab'utralibetfacie
663 1617 897 1715 inspectum,
918 1617 1140 1714 pulmones,
1168 1630 1206 1688 ct
1229 1639 1301 1692 cor

288 1747 439 1834 reperta
457 1748 545 1804 sunt
563 1732 769 1806 secundum
788 1747 961 1805 naturam
987 1757 1025 1806 se
1040 1730 1230 1805 habentia.
1252 1736 1299 1804 In

290 1850 418 1924 cordis
433 1851 653 1944 ventriculis
666 1851 878 1924 mediocres
890 1849 1082 1952 polyposae
1091 1835 1299 1924 concretio

289 1993 369 2044 nes,
389 1973 511 2067 Caput
523 1967 726 2042 dissectum
738 1984 898 2042 nonest.

344 2085 947 2178 12..Quaesirimumcutissrahiei
964 2086 1176 2188 quidquam
1205 2087 1297 2158 reti·

289 2205 451 2293 nuisset;
468 2205 558 2276 item
578 2228 696 2294 num,
712 2219 914 2303 postquam
930 2227 1017 2280 cum
1033 2229 1151 2282 uxore
1161 2206 1297 2284 ,vinum

288 2323 383 2396 illud
397 2335 627 2420 sumpserat,
636 2321 754 2394 bomo
763 2323 900 2398 iterum
909 2324 1297 2422 sumpsissetUtrum·

288 2425 365 2542 que
387 2457 564 2541 negatum
590 2454 656 2516 est.
683 2437 783 2516 Illud
815 2467 907 2516 vero
941 2442 1135 2534 additum,
1164 2445 1295 2522 ninum

287 2584 367 2659 quo
394 2559 510 2634 ambo
531 2561 590 2632 usi
616 2557 785 2650 fucrant,
813 2562 854 2632 in
883 2585 968 2634 vase
990 2586 1087 2638 aereo
1115 2585 1294 2638 servasse.

288 2681 379 2770 Qun
396 2703 483 2752 cum
506 2676 713 2770 audissem,
736 2661 779 2753 ut
803 2661 1163 2777 perniciosissimum
1191 2679 1295 2758 hunc
1356 2709 1360 2720 ’

163 2789 164 2793 '
227 2860 229 2866 .
286 2796 464 2874 morbum
487 2793 631 2868 febrem
646 2793 757 2869 fuisse
768 2795 1115 2886 inflammatori'am,
1132 2821 1211 2870 non
1225 2798 1295 2873 du·

230 2913 233 2924 '
283 2911 420 3000 bitavi,
457 2914 510 2986 sic
538 2912 704 2986 dubitari
728 2937 837 3012 posse
867 2913 962 3004 vidi,
985 2938 1034 2989 an
1063 2912 1206 2992 scabies
1230 2914 1295 2988 de·

285 3029 393 3128 pulsa
405 3028 578 3126 quidem,
598 3028 664 3101 sed
684 3055 845 3129 corpore
864 3055 944 3106 non
964 3031 1064 3112 bene
1078 3046 1231 3121 curato,
1250 3056 1294 3114 ea

285 3150 325 3222 in
341 3147 523 3244 sanguine
539 3147 772 3244 reliquisset,
795 3175 877 3248 quae
892 3173 1003 3224 causa
1026 3175 1072 3222 ex
1096 3164 1202 3248 parte
1223 3149 1292 3221 ali-

288 3290 363 3363 qua
379 3262 536 3361 fuissent
548 3267 730 3362 perniciei
745 3266 859 3368 hujus
875 3283 1002 3356 tantae,
1020 3269 1187 3368 itemque
1205 3292 1294 3348 cum

286 3381 593 3458 inflammationis
626 3381 740 3480 hujus
767 3385 874 3458 sedes
903 3385 1137 3464 ventriculus
1162 3383 1323 3478 fuerit,-

286 3525 334 3572 an
364 3498 451 3570 ideo
486 3495 630 3577 facilius
653 3497 767 3578 fuerit
793 3501 898 3600 quod
917 3503 995 3598 jam
1019 3501 1107 3574 inde
1127 3501 1174 3580 ab
1192 3502 1293 3575 illius

284 3618 364 3688 vini
382 3617 535 3715 potione
567 3617 745 3691 nonnihil
771 3635 868 3694 esset
898 3618 1122 3697 infirmatus.
1156 3623 1293 3700 Uxoris

287 3749 387 3806 certe
397 3735 630 3808 ventriculus
644 3736 738 3834 quid
758 3735 805 3807 ab
824 3737 889 3808 illo
907 3736 1124 3812 detrimenti
1142 3761 1293 3836 accepe-

286 3851 355 3940 rit,
370 3876 481 3950 supra
496 3853 639 3950 legisti,
658 3855 733 3924 sive
749 3851 795 3924 ab
811 3873 907 3927 aereo
923 3877 1008 3926 vase
1027 3854 1132 3926 noxii
1147 3855 1292 3954 aliquid

285 3984 465 4078 traxerat,
482 3970 558 4043 sive
571 3967 622 4046 ob
640 3968 840 4048 admistum
860 3969 1021 4076 sulphur
1034 3971 1214 4052 duntaxat
1226 3997 1296 4052 no.-
