2836 4648
291 408 362 482 652
456 433 502 480 nr:
528 433 676 482 sarnus
701 435 744 482 nr
769 431 895 483 causis
918 427 1133 484 uoaaoanrs

289 569 385 630 vena
404 544 556 618 dextera
573 573 618 618 ex
636 546 780 620 duabus
799 545 1017 645 constabat,
1040 571 1125 646 quae
1148 545 1189 617 in
1206 544 1298 620 axil-

289 662 358 734 lari
373 663 451 759 jam
468 665 707 764 incipientes,
726 687 805 736 non
830 680 916 736 ante
932 667 971 736 in
991 661 1107 742 unam
1127 661 1298 737 conflue·
1389 717 1392 802 1

1369 813 1372 820 ⁴
1390 800 1393 854 l

288 777 382 852 bant
401 805 515 879 quam
535 783 583 853 ad
607 783 745 855 ostium
771 784 1010 876 accessissent
1030 779 1223 882 jugulatis
1247 780 1301 850 in·

290 914 427 988 ternae,
446 915 488 971 nt
513 899 635 972 insula
650 897 757 972 fieret
780 899 892 998 longa
910 899 1046 998 digitos
1062 914 1302 972 transversos

294 1017 477 1115 quinque.
490 1022 605 1089 Erant
620 1033 746 1090 autem
760 1018 843 1090 duae
857 1017 926 1088 illae
934 1041 1015 1116 quae
1023 1015 1192 1089 insulam
1204 1039 1304 1086 com·

292 1132 601 1232 prehendebant‚
619 1159 722 1208 venae
742 1137 824 1234 pari
839 1133 956 1206 ambae
973 1131 1252 1219 crassitudine3
1269 1147 1303 1204 at

292 1275 316 1322 a
333 1251 491 1322 sinistris
507 1253 547 1324 in
566 1251 708 1324 axillari
724 1277 820 1324 vena
838 1265 917 1324 erat
934 1250 1056 1324 insula
1073 1249 1203 1321 multo
1221 1249 1305 1321 bre·
1398 1272 1399 1312 ι

292 1367 393 1456 rior,
409 1369 550 1466 quippe
566 1392 646 1440 non
661 1362 775 1467 longa
794 1369 932 1468 digitos
945 1367 1061 1456 duos,
1077 1365 1307 1466 imparibus·
1399 1352 1401 1440 Ῐ

295 1509 369 1582 que
395 1484 669 1583 comprehensa
695 1488 821 1574 venis,
843 1487 958 1560 altera
981 1483 1158 1556 videlicet
1183 1485 1306 1556 multo

296 1625 411 1699 quam
438 1602 572 1691 altera,
593 1603 777 1676 tenuiore.
803 1604 1024 1700 Priusquam
1042 1601 1236 1699 decapite
1255 1599 1308 1671 di·

296 1743 398 1807 cam,
426 1720 570 1817 aliquot
601 1733 689 1791 sunt
726 1717 1004 1814 interjicienda,
1036 1741 1209 1816 quorum
1239 1717 1309 1788 alia

269 1872 271 1876 ·
296 1837 470 1912 omittere
504 1837 565 1908 bic
594 1839 706 1928 nolo,
733 1837 804 1910 alia
834 1853 959 1909 antem
997 1860 1186 1934 nequeo·
1215 1838 1310 1908 Cum

297 1954 493 2059 pinguedo
514 1957 554 2026 in
573 1953 793 2043 abdomine,
817 1971 854 2028 et
872 1956 972 2026 intra
1005 1953 1202 2026 abdomen
1229 1975 1309 2024 non

298 2097 420 2170 pauca
450 2089 565 2161 esset3
598 2075 638 2144 in
673 2075 839 2162 cervice,
875 2071 1011 2161 dorso,
1048 2070 1193 2142 lumbis
1230 2095 1307 2141 non

297 2204 377 2262 erat
417 2190 572 2287 quidem
596 2191 646 2262 ita
678 2192 824 2279 multa3
863 2189 928 2263 sed
949 2188 1219 2262 musculorum
1247 2211 1306 2260 su·

272 2304 481 2404 perficiei,
519 2322 556 2380 et
585 2306 851 2386 fasciculorum
879 2332 924 2379 ex
948 2305 1089 2406 quibus
1113 2306 1188 2402 ipsi
1208 2329 1310 2376 com-

293 2423 525 2522 pinguntur,
544 2424 637 2498 adeo
656 2439 788 2523 praeter
806 2426 959 2498 solitum
972 2422 1212 2512 adhaerebat,
1233 2423 1312 2492 imo

298 2537 415 2644 affixa
436 2556 529 2629 erat,
548 2557 591 2613 ut
614 2542 895 2642 prosectoribus
921 2542 1214 2616 molestiaeesset
1231 2564 1312 2612 non

296 2656 382 2732 levi.
414 2656 489 2728 Ubi
514 2657 561 2728 ad
586 2673 689 2732 artus
727 2657 923 2732 inferiores
957 2672 1116 2734 rentum
1152 2671 1240 2747 est,
1274 2657 1313 2728 in

299 2799 346 2846 eo
379 2777 448 2872 qui
466 2799 578 2871 sanus
605 2792 706 2865 erat,
737 2776 832 2848 mihi
849 2775 984 2850 accidit
1003 2774 1110 2874 quod
1130 2797 1244 2862 rar0,
1273 2788 1315 2846 ut

297 2892 547 2988 posteriorem
576 2918 734 2965 nervum
758 2894 943 2966 cruralem
972 2893 1162 2979 immisso,
1182 2907 1229 2962 ut
1258 2915 1314 2963 so·

296 3005 386 3079 litus
403 3031 507 3100 snm,
527 3009 638 3109 cultri
655 3011 856 3084 manubrio
863 3065 873 3098 ,
888 3025 953 3082 aut
969 3033 1085 3081 manu
1098 3010 1201 3080 inter
1214 3006 1314 3080 duos

298 3147 425 3196 ramos
442 3126 482 3195 in
497 3150 593 3222 qnos
607 3126 772 3226 deniqne
789 3128 835 3200 ad
852 3129 1036 3228 poplitem
1052 3123 1313 3198 videtur'divi-

299 3240 354 3324 di,
380 3234 459 3312 non
485 3266 654 3340 possem,
683 3269 830 3318 sursum
855 3269 985 3318 versus
1000 3239 1313 3330 tendendo,con·

299 3357 452 3430 firmare
482 3383 562 3430 non
594 3385 715 3434 unum
740 3387 838 3452 esse,
871 3361 935 3434 sed
960 3387 1005 3434 ex
1039 3357 1192 3433 duobus
1213 3355 1313 3446 fieri,

304 3500 373 3575 per
389 3490 507 3548 totum
532 3473 670 3568 femur‘,
687 3481 764 3552 imo
789 3477 982 3552 interdum
1000 3501 1114 3576 supra
1133 3501 1311 3574 quoque,

301 3591 578 3666 cohaerentibus
601 3595 777 3695 quidem,
799 3595 865 3668 sed
885 3619 1014 3668 revera
1033 3594 1074 3664 in
1098 3618 1223 3664 unum
1243 3593 1314 3662 mi-

299 3710 403 3781 nime
437 3712 745 3785 coalescentibus.
791 3717 886 3785 Cum
919 3736 1031 3799 vern,
1065 3709 1106 3781 id
1132 3710 1241 3807 quod
1272 3711 1313 3780 in

306 3849 437 3898 eornm
455 3828 629 3928 singulis,
645 3845 710 3901 aut
722 3846 823 3903 certe
840 3832 879 3900 in
891 3830 1071 3901 crassiore
1086 3825 1210 3900 facere
1230 3853 1317 3899 con·

303 3943 428 4033 suevi,
454 3946 663 4020 secundum
701 3947 982 4047 longitudinem
1013 3944 1251 4038 inciderem,
1274 3962 1319 4019 ut
