2732 4654
255 431 326 524 294
422 451 467 496 nn
494 445 641 497 scurrus
667 447 712 492 nr
736 444 860 494 cunsrs
886 444 1098 492 uounouuru

256 585 343 632 vasa
382 585 518 659 magua
545 559 770 658 quidquam,
806 557 975 632 habuere
1014 555 1119 656 quod
1141 551 1268 625 adno-

256 695 396 766 tarem,
416 681 488 750 nisi
505 678 610 776 quod
632 678 670 746 iu
686 676 744 750 his
761 701 895 775 parum
916 675 1128 774 sanguinis,
1142 673 1179 742 in
1192 669 1268 740 illo

187 824 191 835 ¹
255 797 315 866 vix
334 795 477 894 aliquid
494 792 564 866 fuit
581 794 673 866 levis
691 794 945 869 concretionis
957 792 1158 891 polyposae.
1176 793 1271 860 Cra·

245 917 363 985 ,nium
391 937 477 983 cum
505 927 713 1000 secaretur,
741 934 905 1010 paucum
931 908 1268 1009 sanguinolentum

191 1021 202 1030 ’
256 1055 380 1103 serum
399 1027 568 1099 defluxit:
583 1053 801 1126 paucusque
818 1055 906 1100 mox
919 1027 1122 1127 'sanguisin
1134 1046 1269 1096 crassae

161 1209 163 1216 .
255 1149 444 1244 meningis
467 1145 629 1234 sinibus,
650 1160 687 1218 et
712 1147 920 1244 majoribus
946 1161 1185 1244 pertenuem
1204 1165 1267 1210 ra-

255 1266 327 1335 mis
344 1279 398 1336 est
414 1262 707 1335 animadversus.
721 1263 946 1352 Cerebrum,
964 1261 1120 1362 quod2in
1137 1286 1184 1334 eo
1195 1257 1266 1356 qui
1357 1275 1358 1305 ³

256 1381 533 1456 melancholico
551 1381 685 1452 delirio
703 1381 940 1455 laborasseta
959 1384 1086 1481 primo
1105 1381 1268 1451 miratus

257 1526 359 1588 sum,
388 1500 512 1571 laxum
532 1500 648 1589 adeo,
675 1515 718 1571 ut
743 1521 830 1572 cum
862 1499 1014 1574 dextere
1045 1513 1265 1596 exemptum
1357 1501 1358 1568 ζ

256 1632 371 1706 esset,
390 1619 430 1686 iu
448 1643 654 1716 mensaque
675 1621 886 1691 anatomica
910 1619 1147 1716 depositum,
1174 1639 1267 1686 con·
1357 1653 1358 1658 κ

255 1737 365 1808 tinuo
377 1737 503 1834 ipsum
521 1735 890 1834 hemisphaeriorum,
910 1752 1123 1808 extrorsum
1151 1732 1265 1805 eolla·
1357 1737 1358 1776 ³

255 1853 428 1926 bentium
440 1910 450 1943 ,
461 1853 614 1952 pondus
628 1853 840 1926 distraxerit
853 1869 997 1952 partem
1013 1853 1263 1953 posteriorem
1350 1935 1351 1942 ἵ

257 1971 386 2044 callosi
410 1973 602 2070 corporis,
620 1995 692 2042 nec
720 1989 847 2043 tamen
876 1973 924 2044 ab
951 1971 1058 2043 obitu
1078 1970 1161 2042 dies
1181 1985 1262 2040 tum

194 2141 196 2146 -
256 2104 336 2162 erat
352 2104 485 2160 sextus.
514 2094 565 2159 Ea
592 2089 784 2160 distractio
801 2115 881 2160 non
901 2088 1097 2188 prohibuit
1118 2089 1160 2158 iu
1178 2084 1263 2157 reli·
1350 2094 1358 2184 ‘J

187 2214 189 2218 ’
256 2231 333 2304 qua
352 2207 564 2303 superiore,
583 2229 667 2302 quae
694 2206 839 2304 integra
861 2223 958 2296 erat,
984 2205 1157 2300 ejusdem
1182 2226 1263 2275 cor·

256 2325 360 2422 poris
379 2321 471 2393 facie
495 2322 840 2421 illumperspicere
867 2321 1086 2396 fasciculum
1107 2323 1176 2420 qui
1195 2341 1263 2418 per

255 2439 422 2513 medium
434 2439 644 2512 secuudum
660 2441 938 2539 longitudinem
953 2456 1090 2529 exstat,
1105 2436 1262 2530 nihilab
1348 2448 1358 2504 εἴ

257 2584 303 2632 eo
328 2557 433 2656 quod
455 2557 573 2645 solet,
600 2558 891 2656 discrepantem.
921 2565 1009 2631 Mox
1028 2556 1263 2658 persecando

154 2674 156 2680 ’
255 2675 674 2776 cerebrum,nequein
696 2679 856 2752 vasculis
878 2703 959 2774 quae
987 2701 1056 2776 per
1078 2675 1260 2748 medulla·
1357 2684 1358 2692 ’

253 2793 597 2878 Γεηιβιὼεῖαηῑίαηι
626 2791 836 2882 ducuntur,
859 2819 984 2892 neque
1005 2796 1045 2865 iu
1069 2791 1260 2865 chornidi·
1350 2815 1351 2881 3

250 2909 323 2981 bus
345 2911 518 3007 plexibus
532 2907 694 2982 defuisse
713 2914 950 3008 sanguinem,
967 2911 1063 3000 vidi3
1080 2911 1146 2983 sed
1162 2935 1260 2982 eam·
1349 2981 1351 3007 μ

253 3026 340 3097 dem
358 3027 500 3124 ubique
525 3029 712 3098 laxitatem
733 3029 1000 3116 animadverti,
1024 3047 1067 3102 ut
1094 3031 1135 3100 in
1162 3053 1259 3101 cere·
1350 3025 1352 3095 l

212 3151 214 3158 “
251 3143 354 3215 bello
370 3169 545 3242 quoque,
563 3159 600 3214 et
615 3144 818 3243 oblongatu
833 3147 1015 3236 medulla,
1026 3147 1112 3218 etin
1121 3145 1258 3244 pineali
1350 3166 1352 3178 ³

253 3263 332 3360 ipsa
353 3261 552 3358 glandula,
580 3289 663 3360 quae
695 3266 816 3360 major
838 3267 982 3362 potius,
1009 3280 1045 3336 et
1066 3265 1260 3362 globosior

251 3381 446 3478 apparuit,
461 3405 575 3476 quam
596 3385 802 3454 consuevit.
829 3388 873 3454 Iu
890 3389 993 3454 tanta
1012 3398 1139 3454 autem
1159 3399 1259 3454 caete·
1350 3415 1351 3451 l

251 3523 381 3568 rarum
404 3485 567 3595 partium
595 3499 743 3572 laxitate
778 3499 950 3572 mirabile
984 3498 1073 3586 fuit,
1103 3501 1258 3572 lacunar
1351 3501 1353 3540 ³

253 3612 358 3712 quod
381 3613 597 3702 dexterum,
620 3617 891 3714 sinistrumque
926 3601 1128 3688 ventriculi
1161 3616 1256 3689 tertii
1348 3642 1352 3671 ι

250 3717 432 3830 parietem
446 3733 546 3804 inter
565 3757 604 3804 se
630 3735 845 3832 conjungit,
875 3734 1033 3804 minime
1052 3731 1167 3808 luisse
1185 3733 1255 3804 dis·

249 3863 423 3921 tractum.
847 3945 848 3948 Ἴ
1351 3924 1352 3934 ¹

266 3999 271 4012 ·
303 3967 357 4040 16.
375 3973 429 4038 Ex
446 3981 635 4064 postrema
658 3966 822 4040 historiae
840 3970 952 4066 hujus
968 3984 1075 4068 parte
1096 3968 1255 4040 haberes
1352 4049 1353 4065 χ
