2746 4662
25 270 38 310 f

85 449 152 552 nir.
168 499 219 549 iv.
233 499 279 548 on
295 493 431 546 nonnis
444 493 622 543 enmono.
633 525 643 560 ,
653 485 721 543 etc.
735 495 846 543 rrrsr.
860 487 947 543 ivn.
978 469 1053 544 163-

41 620 241 716 pristinam
262 616 463 684 sanitatem
475 607 734 707 perduxerim.
760 612 805 680 Et
826 609 949 708 prima
967 613 1053 706 qni·

47 734 242 830 dem,·quoe
258 730 458 828 proponit,
476 741 649 799 enemata
666 723 773 800 facile
791 725 988 824 probabis,
1005 725 1052 804 ab

49 853 88 922 iis
102 875 185 948 quae
206 847 337 920 laudat
356 846 487 918 Caelius
508 846 708 943 (1Jsaepea
730 844 843 917 nobis
865 869 1052 916 meinora-

46 983 118 1056 tus‚
138 991 221 1038 non
237 964 334 1036 adeo
349 963 620 1061 discrepantia,
643 961 783 1060 quibus
794 968 946 1060 pariter
960 965 1053 1055 fota

50 1101 155 1183 ctqroe
164 1097 365 1183 vaporato
379 1086 561 1152 interiora
573 1077 790 1152 laxamento
808 1085 1053 1155 consentiant.

51 1203 114 1276 Sed
134 1202 203 1274 ubi
225 1203 351 1300 prima
371 1199 434 1268 itta
458 1223 537 1270 non
564 1196 848 1286 satisfecerint,
880 1201 1056 1270 Acontius

52 1319 146 1392 aliud
175 1317 406 1419 praescribit,
438 1317 554 1414 idque
578 1341 762 1416 purgans,
784 1315 889 1414 quod
917 1311 1057 1415 etipse
1150 1383 1153 1394 ,

55 1440 237 1536 agnoscit,
266 1435 451 1509 validum.
491 1437 591 1506 Num
627 1435 857 1507 irritationes
892 1436 1058 1523 veritus,

57 1557 207 1628 omnino
230 1555 407 1651 rejicies?
432 1557 515 1624 Into
534 1551 603 1624 ubi
616 1577 667 1625 coe
686 1554 761 1625 sint
785 1577 918 1642 causae,
936 1577 1058 1651 eaque

57 1697 208 1772 corpora
222 1696 308 1771 quae
324 1673 406 1769 ipse
424 1671 552 1769 ponit,
577 1672 608 1743 si
630 1695 709 1742 non
732 1670 819 1758 illo,
843 1687 880 1742 at
899 1670 972 1741 alio
991 1671 1061 1742 ali'·

58 1815 126 1886 quo
141 1791 304 1889 clystere
321 1791 438 1860 uteris
453 1807 533 1886 quo
550 1787 652 1859 idern
668 1794 924 1886 consequaris.
949 1794 1059 1861 Certe

60 1923 172 1981 autem
194 1922 336 2008 practer
354 1907 499 1978 Arantii
524 1907 803 1994 testimonium,
829 1908 858 1978 si
879 1908 1062 1978 vetustio-

59 2049 126 2113 res,
142 2039 205 2098 aut
222 2026 456 2100 recentiores
468 2025 554 2122 ipso
569 2023 738 2095 medicos
755 2023 871 2122 legas3
888 2025 1058 2096 invenies

61 2145 190 2216 multos
220 2167 307 2214 curn
333 2169 380 2214 eo
410 2143 700 2214 consentientes.
741 2143 800 2213 Sic
832 2147 1059 2239 Montagna-

60 2285 101 2332 nn
113 2261 165 2360 (o)
182 2259 338 2333 dolores
355 2257 564 2344 nchindiot}
581 2261 727 2357 inquit,
752 2265 965 2360 sapientum
983 2285 1060 2331 om-

62 2385 151 2451 nium
166 2377 374 2451 concordia
394 2375 612 2473 clysteribus
632 2384 751 2450 acutis
772 2393 967 2450 sonantur.
995 2380 1060 2448 Ri-

63 2499 176 2572 verius
198 2495 260 2596 (3)
277 2512 403 2569 autem
429 2498 479 2570 ita
500 2511 585 2594 post
608 2494 825 2594 frequentes
846 2498 939 2570 alios
964 2495 1059 2595 clys-

65 2628 167 2704 teres‚
184 2615 302 2688 etiam
316 2637 420 2686 acres
435 2613 599 2711 denique
613 2615 814 2712 proponit,
829 2629 870 2685 ut
889 2613 1062 2686 manifes·

66 2731 192 2805 tissiine
228 2755 314 2804 curn
340 2734 495 2804 Arantio
530 2730 676 2821 facere,
712 2732 907 2830 intelligas.
942 2735 1059 2804 Porro

64 2851 295 2926 Ettmullerus
313 2851 391 2948 (Δ),
409 2850 501 2923 alios
526 2867 569 2923 ut
590 2866 827 2950 praeteream,
843 2877 921 2928 non
938 2851 1059 2924 soloin

69 2964 233 3063 clysteres
245 2972 286 3040 in
300 2969 433 3068 primis
449 2971 647 3068 repetitos,
667 2971 733 3058 ait,
751 2949 976 3056 convenire3
993 2967 1060 3043 sed

70 3079 134 3156 hoc
150 3085 278 3176 addit,
299 3102 336 3159 et
360 3087 510 3185 quidem
529 3111 633 3160 acres
662 3113 806 3160 necesse
833 3101 888 3159 est
902 3093 977 3159 sint
988 3092 1058 3160 isti.

70 3200 151 3292 Quis
163 3207 261 3277 ausit
276 3203 447 3295 credere,
464 3213 521 3278 tot
534 3207 864 3306 experientissimis
882 3205 1066 3305 professo·

71 3318 163 3394 ribus
181 3321 222 3393 id
238 3347 318 3395 non
340 3323 581 3422 respondisse
600 3325 707 3423 quod
743 3323 838 3397 adeo
870 3350 1064 3396 commen·

71 3433 174 3510 dant?
189 3443 311 3539 Igitur
328 3456 365 3513 et
384 3441 474 3514 huie
491 3443 662 3514 remedio
677 3467 768 3518 suus
785 3458 841 3516 est
857 3443 1064 3544 aliquando

119 3864 146 3942 a)
165 3867 276 3924 Consil.
292 3866 360 3939 ²57·

123 3960 149 4042 3)
168 3969 253 4024 Prcx.
270 3969 378 4027 medic.
391 3970 411 4026 l.
430 3969 481 4044 16,
497 3990 523 4028 e.
535 3989 567 4028 n.

116 4061 157 4145 (i)
176 4070 260 4125 Prax.
273 4070 294 4126 1.
309 4087 341 4144 2,
357 4089 381 4127 s.
396 4088 428 4143 2,
442 4091 468 4127 c.
483 4071 518 4144 3,
532 4083 588 4133 art.
604 4071 633 4130 8.
