2732 4654
290 397 363 471 366
437 375 501 468 ¹us
527 419 674 468 sinistis
698 419 742 468 m
766 401 891 470 ctusts
915 423 1125 474 unisonum

190 533 196 540 ’
288 555 350 614 tor
367 536 413 608 de
426 534 608 606 Theriaca
628 533 675 608 ad
695 535 869 609 Pisonem
893 535 972 635 (1),
998 539 1068 612 etsi
1082 538 1219 613 fatetur
1234 568 1281 616 re·

289 679 377 732 vera
388 653 537 751 aspides
555 650 736 726 velociter
752 637 977 753 mterfieeri,
995 655 1091 730 sicut
1101 683 1203 759 soepe
1215 667 1283 762 epse
1356 693 1357 752 p

288 780 328 844 in
338 797 478 870 magna
490 769 732 844 Alexandria
749 777 950 870 spectavit,
971 790 1099 848 tamen
1116 802 1195 850 non
1209 803 1285 851 con·
1356 763 1357 826 i

288 893 397 966 tiuuo
416 873 505 960 iude
529 887 704 961 homines
729 888 882 979 cadere,
902 893 990 966 sutis
1009 895 1194 980 ostendit,
1214 895 1285 970 haec

193 1037 196 1046 ‘
288 1011 413 1082 statim
443 1004 663 1101 subjiciens:
688 1029 772 1078 cum
799 1013 897 1079 enim
922 1008 1089 1108 aliquem
1113 1011 1188 1084 hoc
1206 1039 1286 1111 sup-

285 1128 395 1230 plicii
415 1147 551 1220 genere
575 1121 863 1196 condemnatam
885 1133 965 1200 sina
990 1125 1103 1226 lango
1129 1138 1286 1202 cruciatu

286 1243 694 1340 dilationequenecare
707 1241 863 1332 volunt,
879 1243 1030 1343 aspides
1047 1245 1286 1348 illorumpec·
1357 1291 1358 1294 π

289 1367 366 1434 tori
388 1359 604 1446 admovent,
621 1359 891 1459 ambularepu'e
897 1387 1110 1462 parumper
1119 1368 1286 1458 stadum,

288 1495 404 1576 atque
431 1483 484 1552 sic
512 1482 614 1574 ipsos
640 1479 742 1550 brevi
756 1485 958 1576 perimunt.
986 1480 1058 1552 Sed
1086 1499 1124 1554 et
1151 1483 1287 1556 Plutar-

289 1597 384 1670 chus
407 1594 462 1696 (α)
477 1593 630 1668 alteram
648 1621 693 1666 ex
712 1595 1084 1694 Cieopatraeancillis
1102 1601 1287 1673 inventam
1358 1669 1359 1672 ,

289 1713 405 1788 refert
430 1715 542 1812 capiti
563 1714 711 1812 Reginae
732 1713 904 1787 diadema
921 1729 1133 1816 aptantem,
1153 1719 1287 1792 necio-
1358 1761 1359 1780 z

289 1830 433 1934 quendi
451 1829 624 1904 facultate
657 1845 860 1904 carentem.
893 1833 1057 1930 Utique,
1080 1834 1148 1906 sed
1170 1851 1288 1908 tamen

288 1955 555 2038 semianimem,
573 1963 611 2020 et
630 1973 714 2046 quae
724 1949 786 2018 vix
800 1950 1000 2048 perpaucis
1013 1950 1123 2025 editis
1133 1954 1288 2042 voculis,

288 2070 472 2143 continuo
505 2065 650 2138 cecidit.
681 2068 761 2138 Nec
795 2068 863 2164 qui
883 2093 1098 2166 parumper
1125 2070 1287 2144 ambula·
1359 2115 1360 2148 i

287 2187 399 2272 bant,
420 2181 562 2259 idcirco
581 2209 661 2256 non
677 2185 796 2274 brevi,
815 2199 852 2256 et
874 2183 1053 2264 velociter
1068 2182 1288 2262 morieban-

289 2285 371 2400 tui.¹
384 2308 428 2375 Et
445 2305 543 2400 siqui
565 2302 709 2402 diutius
730 2303 844 2375 vitam
869 2301 1089 2395 trahebant,
1113 2330 1197 2378 non
1224 2305 1288 2380 illis

288 2423 443 2496 demum
464 2423 603 2493 mirum
625 2436 681 2494 est
699 2419 750 2495 ob
772 2420 814 2496 id
833 2422 957 2519 ipsum
977 2421 1159 2512 discolor,
1178 2440 1219 2497 et
1241 2425 1289 2510 vi·

288 2565 378 2615 rens
406 2535 655 2640 corpusfieti
684 2539 877 2638 potuisse:
899 2537 1005 2638 quod
1027 2542 1058 2613 si
1077 2540 1156 2613 hoc
1191 2567 1289 2615 com·
1360 2569 1361 2574 ¹

288 2684 404 2738 mune
426 2654 556 2734 fuisset
587 2655 795 2746 omuibus,
824 2657 936 2758 psylli
967 2657 1177 2756 Cleopatras
1213 2684 1285 2732 non

290 2775 584 2864 essentadmoti;
596 2775 685 2848 satis
699 2775 798 2845 enim
815 2776 906 2872 ejus·
917 2799 1078 2874 corpus,
1099 2791 1143 2848 ut
1156 2777 1288 2850 Plutau

290 2895 385 2968 chus
399 2893 460 2991 (3)
474 2908 623 2982 narrat,
652 2917 773 2990 neque
791 2891 1063 2985 dqformatum,
1090 2919 1160 2967 nec
1189 2891 1290 2967 aliud

290 2994 425 3099 ulium,
443 3027 578 3112 preter
592 3024 734 3110 puncta
746 3010 808 3101 itta
828 3010 921 3100 duo,
941 3012 1148 3086 ostendens
1160 3015 1288 3086 aeneai

213 3139 215 3146 ⁴
250 3137 448 3228 signum,
469 3153 548 3200 non
577 3126 624 3200 ab
648 3127 777 3226 aspide
797 3129 914 3200 ictum
939 3153 1020 3202 esse
1039 3128 1285 3207 demonstras·

278 3264 356 3322 set.
367 3251 510 3319 Verum
523 3246 601 3320 haec
613 3249 664 3318 ita
678 3247 969 3345 disputavimus,
990 3250 1094 3348 quasi
1109 3250 1177 3337 uhi
1194 3252 1284 3322 iuter

272 3380 516 3440 ¹venenatum
542 3365 654 3440 istum
679 3379 716 3436 et
742 3381 904 3441 mortem
935 3365 1039 3438 horae
1064 3368 1210 3466 aliquot
1231 3367 1283 3444 in·

287 3485 551 3574 tercesserint,
578 3481 661 3554 fieri
687 3507 767 3554 non
790 3485 925 3582 possit,
953 3486 1048 3584 quin
1073 3486 1197 3578 locus,
1221 3505 1282 3584 per
