2732 4654
299 414 371 494 350
468 435 514 488 ne
541 429 687 489 mainus
711 437 756 487 ar
781 435 905 488 oius1s
930 437 1140 492 nonnosum

298 556 355 628 ad
364 555 603 628 viriditatem.
622 557 743 650 Atque
762 568 804 625 ut
821 555 1026 653 intelligas,
1044 558 1200 629 icterum
1219 575 1293 632 non

299 699 459 773 semper,
470 688 507 744 et
526 674 565 742 in
577 671 741 742 aliisalio
754 671 883 742 colore
894 670 1294 764 fieri3animadvertas,
1360 773 1361 780 ἵ

297 787 755 886 telim,Dioscoridem(1)
764 790 955 887 scripsisse
964 791 1202 865 subalbidum
1212 795 1295 867 inde
1360 817 1361 824 ¹

298 913 461 985 colorem
471 917 630 1009 concipi,
640 909 779 981 horum
794 925 919 984 antem
937 897 1109 984 omnium
1128 919 1294 990 vetustis-
1360 941 1361 1004 ,

224 1079 226 1088 =
297 1033 434 1108 simum
454 1029 686 1101 Nicandrum
699 1029 770 1126 (a),

346 1159 370 1290 ,θ’
378 1228 514 1303 Nigrieat
528 1229 593 1302 e'psa
607 1229 679 1290 cutis
688 1267 699 1296 ,
706 1181 828 1302 plumbi
840 1227 1023 1302 medofusca
1038 1234 1155 1306 colore,

378 1333 509 1388 Coerulea
525 1331 668 1404 interdum
682 1341 744 1398 est,
758 1332 858 1386 cen'sve
871 1332 1021 1392 simillima
1029 1332 1109 1400 flori.

296 1493 424 1588 thue
438 1488 484 1559 ad
501 1491 680 1559 Zacutum
697 1487 1037 1577 redeamus3habet
1051 1489 1114 1563 hic
1132 1492 1224 1564 alibi
1240 1492 1293 1589 (d)

296 1607 597 1680 observationem
617 1598 693 1676 huc
707 1607 867 1678 maxime
877 1608 1099 1680 attinentem
1112 1663 1122 1698 ,
1137 1627 1176 1682 et
1191 1631 1295 1708 quam

296 1727 337 1796 in
380 1722 667 1820 Sepulchretum
713 1747 792 1794 non
831 1724 986 1796 relatam
1028 1747 1106 1798 esse
1147 1730 1293 1816 miror,

296 1858 455 1942 propter
487 1858 722 1940 gangrenam
754 1842 794 1911 in
816 1843 985 1938 jecinore
1010 1842 1292 1941 deprehensam.

295 1961 444 2033 Scilicet
474 1981 560 2030 cum
583 1981 771 2063 messores
800 1958 912 2047 duos,
947 1959 1022 2031 alte
1046 1960 1293 2051 dormientes,

296 2077 429 2152 eadem
451 2078 578 2174 vipera
600 2075 879 2162 momordisset,
898 2075 1106 2175 ambosque
1126 2095 1215 2176 post
1234 2081 1293 2150 ho·

295 2183 378 2266 ram
401 2193 667 2266 convulsiones
703 2194 812 2266 varie
834 2195 1131 2284 concussissent,
1168 2219 1293 2270 eorum

297 2295 390 2383 alter
402 2317 440 2382 in
447 2313 697 2408 flavissimum
718 2316 891 2400 ictorum,
909 2327 1004 2409 post
1020 2311 1148 2384 decem
1166 2311 1293 2400 boram

297 2430 414 2517 alter,
445 2430 513 2526 qui
544 2429 682 2500 servani
709 2449 788 2498 non
814 2429 959 2526 potuit,
990 2433 1028 2499 in
1046 2436 1292 2526 nigerrimum,

289 2562 382 2652 post
406 2551 449 2634 ιί,
472 2545 589 2619 horas
606 2543 734 2642 lapsus
755 2560 825 2634 est,
852 2550 908 2614 ita
935 2561 977 2616 ut
1003 2548 1198 2646 AEtleiopis
1216 2551 1293 2641 for·

295 2687 394 2736 ntum
411 2677 702 2761 repraesentaret.
723 2663 824 2753 Quas
849 2677 975 2735 autem
995 2662 1139 2737 icterici
1163 2665 1292 2738 eoioris

292 2782 500 2868 varietates,
514 2780 741 2853 recentiores
752 2783 888 2853 Zacuto
900 2779 1165 2854 observatores
1183 2784 1291 2856 adno-

292 2893 469 2983 taverint,
488 2921 567 2967 non
586 2887 739 2990 possum
761 2897 909 2985 dicere,
929 2921 1015 2969 cum
1034 2899 1073 2969 in
1099 2899 1289 3000 descriptis

252 3001 254 3014 '
291 3012 491 3082 hominum
529 3012 726 3109 exemplis,
761 3011 916 3097 fortasse
944 3013 994 3086 ob
1024 3017 1226 3114 regiones,
1255 3018 1287 3085 in

292 3129 432 3227 quibus
445 3143 571 3217 erant,
589 3130 715 3202 minus
730 3146 926 3220 aestuosas,
948 3158 996 3204 ne
1017 3134 1123 3204 icteri
1138 3135 1285 3234 quidem

188 3272 190 3280 ’
288 3247 522 3319 mentionem
539 3245 672 3336 fastam
697 3271 775 3320 esse
800 3251 1063 3340 meminerim,
1083 3252 1284 3351 sed'neque
1358 3305 1359 3336 ,

290 3365 330 3435 in
346 3381 403 3436 tot
424 3362 546 3436 brutis
567 3365 834 3453 animantibus,
859 3392 1021 3464 quorum
1050 3385 1151 3441 certe
1174 3371 1282 3456 oculi,

289 3482 381 3554 dum
399 3485 593 3553 etiamtum
612 3483 801 3571 viverent,
821 3499 886 3556 aut
904 3485 1135 3557 membranae
1154 3490 1282 3587 passim

326 3775 370 3855 (1)
392 3780 448 3835 eit.
463 3795 553 3852 supra
565 3778 603 3834 ed
617 3797 647 3836 n.
662 3766 709 3846 34.

325 3875 368 3957 (a)
389 3878 480 3952 Apud
493 3878 627 3935 Severin.
641 3878 737 3954 viper.
750 3882 854 3957 pytte,
869 3902 900 3958 p.
915 3883 949 3953 3,
961 3903 987 3940 c.
1003 3903 1029 3941 1.

324 3975 368 4053 (3)
388 3977 433 4031 De
444 3976 550 4036 medic.
563 3975 659 4053 princ.
672 3977 743 4036 hist.
760 3981 780 4036 l.
797 3997 828 4051 a,
848 3977 918 4039 hist.
935 3983 1007 4057 115,
1021 3986 1085 4050 obs.
1100 4005 1148 4046 ao.
