2746 4662
95 459 646 527 mn.1v.urrroaurscnrnuno.‚
664 417 732 514 etc.
749 461 861 514 urrsr.
876 462 946 512 avr.
979 439 1047 515 125

53 581 171 680 lapsus
196 595 274 668 est,
295 594 400 650 uteo
418 601 528 650 crure
545 575 652 652 valde
673 593 710 651 ct
731 578 916 672 violenter
936 577 1052 670 flexo,
1100 587 1103 594 ’

53 701 235 798 crepitum
249 697 397 768 audiret
407 697 517 793 quasi
541 696 594 766 rei
616 695 773 790 alicujus
792 696 831 766 in
852 720 952 794 genu
976 697 1053 769 dis-

53 833 182 915 ruptae,
199 831 238 888 et
258 839 347 886 saue
365 839 408 886 ea
429 811 600 886 flexionis
615 811 794 884 violentia
822 829 978 911 ruptum
998 805 1055 890 est

53 933 237 1031 quidquid
249 931 351 1016 ‘illud
373 945 454 1002 erat
471 928 577 1027 quod
596 929 729 1001 rotulae
749 946 873 1028 partes
898 931 997 1002 inter
1014 955 1054 1004 se

55 1075 237 1124 connexas
250 1047 432 1122 servabat.
448 1051 550 1138 Quas
564 1071 651 1120 curn
665 1045 832 1144 chirurgi
842 1044 978 1120 frustra
997 1073 1056 1120 co·

54 1171 142 1256 uati,
155 1170 209 1241 sic
222 1167 410 1239 adducere
424 1180 464 1237 ut
482 1163 594 1263 paulo
613 1179 722 1236 antea
737 1181 861 1253 erant,
877 1191 956 1237 non
971 1189 1056 1265 pos·

55 1285 324 1381 sent,denique
337 1304 493 1381 operam
506 1279 717 1369 dederunt,
728 1297 770 1352 ut
782 1283 1053 1372 instrumento„

56 1402 97 1474 ad
114 1427 216 1500 genu
235 1401 407 1499 apposito
426 1400 644 1496 juncturam
667 1399 793 1496 quoad
807 1399 886 1496 ejus
904 1401 1053 1488 liceret,

57 1517 246 1592 firmarent
256 1507 277 1608 ',
326 1517 491 1614 tutisque
508 1535 510 1540 ’
528 1517 713 1615 Euganeis
748 1517 1051 1594 corroborarent.

56 1639 180 1736 Longo
207 1651 333 1708 autem
352 1635 550 1730 interjecto
581 1633 701 1732 spatio
725 1637 906 1734 temporis
935 1635 1054 1708 homo

57 1755 116 1850 qni
125 1755 173 1826 ab
193 1769 356 1852 utroque
374 1753 483 1852 lapsu
497 1751 820 1851 magnos'dolores
829 1753 1054 1853 pertulerat,

57 1895 120 1944 nec
138 1872 206 1944 illo
229 1887 314 1944 artu
345 1873 401 1942 uti
424 1883 625 1968 potuerat,
650 1884 798 1941 tanturn
830 1887 1055 1945 consecutus

59 2004 126 2078 cst,
150 2005 191 2062 ut
215 1989 369 2077 eodem,
395 1989 501 2060 omni
522 1989 597 2084 jam
626 1986 774 2083 abjecto
802 1988 1055 2062 instrumento

59 2104 190 2206 absque
208 2107 287 2179 ulla
307 2102 477 2178 molestia
497 2120 643 2193 utatur,
662 2107 737 2178 sive
753 2120 839 2194 stet,
859 2106 934 2178 sive
954 2097 1055 2204 genu

59 2221 189 2311 flectat,
210 2225 287 2296 sire
317 2223 485 2312 incedat,
510 2222 614 2321 quod
645 2224 920 2321 expeditissime
949 2222 1056 2315 facit,

59 2343 113 2412 rix
123 2342 256 2416 leviter
270 2343 310 2414 in
323 2341 362 2414 id
376 2342 482 2414 -latus'
493 2340 717 2414 claudicans.
735 2342 848 2432 Quod
865 2367 935 2440 ego
953 2367 1056 2442 genn

60 2481 137 2530 cum
151 2460 351 2557 diligenter
366 2472 660 2548 connecterem,
677 2457 809 2530 rotulae
829 2477 953 2557 partes
972 2483 1055 2558 quae

61 2574 149 2649 inter
162 2602 200 2650 se
215 2576 334 2650 ferme
353 2576 513 2675 aequales
544 2591 670 2664 eraut,
698 2574 854 2646 alteram
869 2576 916 2647 ab
939 2577 1056 2648 altera

40 2715 131 2786 ⁸non
142 2696 278 2792 exiguo
295 2693 492 2766 intervallo
508 2693 732 2789 disjunctam
752 2688 913 2778 offendi,
932 2715 1056 2789 eoque

64 2810 169 2882 multo
195 2811 329 2906 majori
358 2835 446 2882 cum
472 2833 573 2908 genu
599 2807 843 2882 flectebatur:
866 2808 933 2881 ubi
955 2811 1058 2880 enim

65 2928 173 3000 rotula
210 2951 290 3000 esse
322 2926 533 3013 debuisset,
568 2941 660 2997 tunc
697 2925 750 2998 ibi
780 2947 913 2998 carum
947 2951 1058 3025 appa·

65 3043 157 3117 rebat
175 3045 273 3120 duos
296 3045 444 3146 circiter
475 3042 612 3143 digitos
631 3044 787 3141 pollices
813 3045 990 3143 amplum
1017 3047 1057 3118 in

66 3158 348 3262 longitudinem,
365 3186 442 3262 nec
471 3164 598 3234 miuus
623 3163 663 3232 in
694 3161 951 3252 latitudinem,
972 3187 1059 3262 pro¹

68 3272 211 3354 fundum
243 3297 371 3354 autem
406 3279 454 3352 ad
494 3278 652 3377 digitum
687 3295 967 3369 transversum,
1016 3293 1058 3360 ut

68 3393 122 3468 imi
135 3393 289 3472 femoris
305 3381 509 3496 condylos,
536 3413 573 3468 et
590 3397 804 3494 supremam
827 3397 926 3470 tibiae
951 3422 1058 3470 oraru

72 3523 157 3588 tactu
174 3517 372 3616 percipere
403 3516 543 3586 liceret.
571 3514 642 3584 Sed
668 3513 788 3602 hunc,
818 3531 860 3586 ut
882 3541 965 3613 quse
983 3515 1061 3591 dixi

69 3629 303 3730 inspicerem,
331 3632 380 3706 ad
406 3629 466 3704 m‘e
496 3630 701 3704 adduxerat
718 3629 909 3731 professor
932 3634 1058 3706 lauda·

71 3759 138 3822 tus:
159 3753 225 3850 qui
246 3751 514 3824 consimiliain
543 3750 708 3847 quodam
729 3748 870 3822 famulo
894 3753 1057 3848 pariter,

75 3865 100 3934 si
120 3868 278 3961 vellem,
307 3869 445 3940 Patavii
473 3891 626 3938 cernere
664 3892 725 3938 me
755 3891 885 3964 posse,
919 3869 1052 3946 aiebat.

72 3981 128 4060 Vir
153 4001 285 4064 autem.
299 3985 393 4060 alter
417 4007 531 4084 quem
554 3985 706 4066 consilii
728 4007 857 4075 causa,
877 3986 925 4060 ad
959 4007 1060 4084 genu
