2700 4660
302 406 368 480 192
462 403 510 452 DE
535 401 681 454 sturnus
705 399 750 452 ΕΤ
774 401 898 455 causta
922 403 1133 459 MORBORUH

296 517 542 618 deprehendi.
562 521 678 588 Porro
696 520 832 590 nec'ita
850 517 1030 619 frequens
1045 537 1100 596 est
1118 522 1285 598 resolutio

297 637 338 707 in
357 661 402 708 eo
419 636 589 734 corporis
610 635 725 707 latere
745 636 851 734 quod
868 636 1109 736 subjectum,
1134 666 1213 714 non
1234 642 1288 714 ad·
1327 630 1337 733 l

296 779 470 842 versum,
490 756 537 824 sit
554 751 699 825 cerebri
712 753 863 826 laesioni.
884 760 1013 853 Itaque
1031 756 1130 830 hanc
1150 759 1198 830 ad
1214 784 1288 858 pau·
1329 754 1338 819 l

296 896 358 944 cas
384 871 464 943 illas
482 869 620 941 addere
636 871 778 969 poteris
805 871 1086 946 observationes
1111 901 1207 974 quas
1230 877 1288 947 ali·

295 989 336 1061 bi
356 987 409 1084 (1)
425 993 524 1060 inter
546 989 737 1088 oppositas
758 989 870 1088 longe
891 991 1092 1090 plurimas,
1116 995 1225 1090 quasi
1241 1020 1287 1065 er·
1332 972 1336 999 Ι

176 1146 178 1150 ·
294 1107 514 1204 ceptionum
531 1105 779 1204 quarumdam
792 1106 896 1197 loco,
915 1107 1190 1206 indicaaiz'nisi
1202 1109 1286 1182 forte
1339 1107 1340 1114 '

294 1225 483 1298 laesionem
495 1223 558 1332 bic
579 1223 680 1297 dicas
699 1240 763 1298 aut
782 1215 862 1296 non
881 1227 1138 1324 repentinam,
1155 1244 1220 1299 aut
1237 1229 1287 1298 ni·

291 1343 366 1422 mis
376 1342 424 1414 ab
438 1342 483 1414 iis
499 1341 645 1414 cerebri
664 1342 835 1441 partibus
847 1339 958 1416 fuisse
978 1359 1184 1433 remotam,
1201 1371 1288 1417 nem·
1340 1343 1341 1348 ’

295 1485 343 1560 pe
356 1460 594 1562 ventriculis,
620 1475 657 1531 et
675 1486 758 1557 quae
778 1462 818 1531 in
837 1459 897 1532 his
918 1476 1027 1550 sunt,
1046 1461 1290 1559 protuberan-

293 1580 376 1667 tiis,
395 1575 532 1676 quibus
549 1577 785 1675 potissimum
812 1577 982 1677 partibus
1004 1595 1163 1677 repente
1188 1581 1288 1668 laesis,

232 1771 239 1786 ,
294 1695 521 1794 hemiplexia
554 1692 648 1766 solet
685 1695 725 1764 in
752 1693 908 1767 adverso
940 1687 1057 1768 latere
1094 1696 1287 1769 observari.

278 1815 384 1906 'Quae
408 1827 534 1884 tamen
554 1837 603 1882 an
624 1811 699 1883 dici
718 1812 865 1910 possint
889 1812 936 1884 de
956 1811 1221 1886 observatione
1236 1813 1288 1884 illa

292 1949 406 2031 quam
434 1955 455 2002 a
473 1928 622 2003 medico
642 1931 883 2027 neapolitano
910 1932 1041 2001 Curtio
1061 1933 1286 2030 propositam

293 2051 382 2124 alias
402 2047 457 2147 (2)
476 2048 742 2136 indicavimus;
766 2045 920 2119 fortasse
945 2072 1025 2119 non
1047 2047 1098 2120 ita
1114 2045 1223 2121 facile
1241 2061 1287 2120 est

295 2167 534 2240 constituere.
551 2169 715 2237 Dextero
740 2167 841 2236 enim
859 2165 966 2236 lateri
990 2163 1040 2236 ob
1057 2167 1287 2264 apoplexiam
1345 2155 1346 2160 ¹

293 2284 480 2371 resolut0,
501 2281 604 2354 haud
624 2283 674 2353 ita
688 2281 906 2354 dissimilem
928 2283 1007 2378 ejus
1023 2282 1071 2355 de
1087 2308 1163 2382 qua
1179 2281 1286 2355 modo
1346 2337 1347 2380 ι

288 2401 561 2501 loquebamur,
588 2398 801 2470 substantiae
814 2397 961 2471 cerebri
990 2401 1288 2498 corruptionem,
1346 2383 1347 2404 ¹

199 2526 202 2534 '
291 2522 422 2594 nonin
436 2519 583 2591 sinistra
598 2516 691 2589 vidit
715 2516 965 2616 respondere,
992 2515 1057 2588 sed
1078 2519 1117 2588 in
1136 2517 1287 2592 dextero
1346 2601 1347 2606 ἵ

265 2707 270 2720 s
287 2636 794 2736 hemisphaerio,eoquet0to
806 2689 815 2723 ,
826 2649 868 2706 ut
882 2633 1196 2734 velmeningesin
1212 2661 1286 2707 mu·

292 2779 419 2830 cosam
436 2768 559 2826 essent
574 2751 819 2824 substantiam
837 2775 1026 2822 conversae
1044 2777 1051 2820 :
1073 2773 1286 2851 quanquam

291 2899 377 2947 cum
396 2872 443 2944 de
458 2870 667 2967 oblongatae
681 2867 851 2940 medullae
868 2865 1042 2939 cruribus
1057 2893 1139 2965 quae
1152 2870 1192 2939 in
1211 2893 1285 2969 pro

289 2990 521 3066 tuberantias
532 2988 614 3058 illas
627 2983 977 3074 excrescunt,nihil
990 2984 1284 3073 aiat3dubitandi

290 3110 396 3181 locus
410 3106 547 3203 aliquis
561 3125 754 3201 superesse
765 3100 884 3173 videri
902 3102 1028 3198 possit.

245 3233 262 3246 '
341 3224 396 3298 ι6.
417 3218 633 3294 Arthritidis
644 3217 691 3288 de
704 3243 778 3316 qua
789 3218 974 3316 praecipue
991 3216 1049 3288 his
1062 3217 1196 3290 litteris
1206 3217 1281 3290 scri·

176 3387 177 3392 κ
286 3356 394 3444 ptum
406 3353 474 3426 est,
494 3352 530 3409 et
549 3334 806 3407 rheumatismi
818 3349 919 3406 tanta
937 3334 977 3402 in
991 3333 1118 3404 multis
1129 3334 1279 3430 quidem

289 3474 345 3534 est
360 3451 587 3540 similitudo,
612 3467 655 3523 ut
671 3449 808 3522 medici
832 3450 936 3522 hunc
960 3448 1007 3520 ab
1029 3449 1091 3520 illa
1110 3473 1196 3522 sero
1210 3450 1280 3521 dis·

285 3575 491 3662 tinxerint3
515 3591 731 3667 quanquam
755 3593 834 3639 non
866 3567 961 3640 adeo
987 3589 1089 3655 sero,
1111 3581 1154 3638 ut
1185 3569 1278 3639 circa

283 3744 1279 3780 ------—---—-------·-·

323 3861 368 3941 (ι)
388 3860 483 3934 Epist.
495 3866 574 3914 anat.
590 3855 640 3925 13,
652 3873 684 3913 ιι.
698 3852 747 3915 ι5.

326 3958 369 4044 (a)
389 3959 485 4040 Epist.
499 3977 534 4035 9,
546 3975 578 4015 n.
592 3973 639 4034 19.
