2836 4648
138 392 1136 490 mnv.uraunrnmsnnmu.summonumsb.ux1x.655
1156 501 1161 508 ⁸

29 555 33 562 ’
110 641 118 656 ι
138 569 311 628 mortuus
330 567 401 640 est,
427 551 550 646 utqui
569 549 616 620 de
636 551 810 648 proximo
840 552 1027 639 accersiti,
1046 576 1140 624 con-

1 673 31 716 f'·
138 669 262 744 lestim
280 673 538 757 accurrerant,
555 665 682 740 vivum
704 669 875 741 invenire
898 694 976 739 non
1004 685 1138 766 potue-

28 803 32 814 *
138 790 226 860 rint.
272 786 440 860 Cadaver
474 785 640 858 studiosa
669 787 847 880 juventus
878 811 959 858 non
985 784 1138 858 difficile

137 903 324 992 obtinuit,
360 920 397 975 et
429 903 476 974 ad
503 928 583 991 me,
616 904 655 974 in
678 905 870 1002 gymnasio
904 918 998 974 tunc
1017 919 1140 976 arrato·

14 1069 31 1078 -
136 1047 227 1094 rnen
250 1021 467 1110 docentem,
499 1035 627 1092 mense
657 1020 832 1092 videlicet
852 1021 1026 1116 januario
1048 1021 1140 1102 anni

1 1133 34 1199 132-
138 1136 493 1236 ·1753‚affereudum
510 1139 663 1212 curavit.
678 1141 857 1236 Magnum
872 1154 962 1227 erat,
972 1162 1139 1235 sanoque
1156 1179 1159 1188 Δ

10 1277 34 1324 ω
134 1257 289 1344 habitu,
316 1249 358 1329 ut
382 1259 454 1330 nisi
480 1258 673 1354 eliquanto
692 1256 866 1353 pinguius
885 1271 1001 1346 esset,
1024 1277 1138 1353 quam

134 1375 339 1466 vellemus,
353 1375 486 1448 melius
503 1374 549 1445 ad
563 1372 857 1460 observandum,
877 1373 1139 1446 demonstran-

136 1491 307 1588 dumque
323 1493 446 1589 optari
465 1517 542 1562 non
562 1505 698 1589 posset.
718 1494 902 1581 ¹Quorum
931 1508 1138 1589 utrumque
1225 1503 1228 1510 ’

9 1638 30 1676 ·.
135 1605 276 1680 factum
292 1633 312 1678 a
332 1608 441 1680 nobis
455 1625 509 1680 est
528 1623 718 1680 accurate:
736 1633 953 1704 quanquam
968 1609 1031 1680 hic
1044 1609 1140 1680 nihil

134 1743 338 1827 praeterea
363 1752 445 1824 quae
462 1726 510 1797 ad
538 1728 698 1816 vulnus,
727 1742 763 1798 et
784 1727 881 1798 ictus
906 1725 1139 1799 incedendo

135 1846 298 1918 attinent
312 1899 321 1934 ‚
336 1843 640 1916 memorabimus.

186 1964 305 2060 Igitur
322 1963 459 2034 vulnus
479 1961 654 2060 perbrevi
679 1961 876 2034 intervallo
896 1960 942 2032 ab
958 1962 1074 2033 sterni
1094 1961 1140 2031 si·

137 2081 260 2152 nistro
282 2081 396 2152 latere
418 2081 518 2152 inter
549 2080 785 2178 cartilagines
803 2081 919 2150 tertiae
942 2093 979 2150 et
997 2094 1139 2176 quartae

138 2213 250 2270 costae
286 2183 493 2288 inflictum,
527 2200 688 2270 exterius
711 2201 772 2268 vix
801 2199 952 2294 lougius
977 2211 1056 2268 erut
1083 2220 1142 2268 se·

137 2317 291 2388 muncia
317 2315 422 2412 pedis
440 2317 705 2404 Bononiensis,
725 2314 813 2385 inde
833 2329 956 2387 autem
979 2337 1049 2410 per
1062 2337 1143 2384 me·

139 2433 360 2519 diastinum,
383 2446 420 2504 et
436 2431 706 2529 pericardium,
722 2431 770 2502 ad
791 2431 988 2504 dexterum
1000 2428 1142 2502 ventri·

118 2640 120 2648 y
141 2550 268 2620 culum
279 2549 403 2620 cordis
412 2566 634 2646 pervenerat
645 2605 655 2637 ,
668 2551 824 2646 ejusque
838 2552 1019 2646 parietem
1032 2563 1139 2646 septo

139 2667 373 2763 proximum,
390 2664 513 2737 media
525 2664 601 2737 fere
621 2669 719 2738 inter
732 2666 872 2754 basim,
891 2682 927 2736 et
946 2664 1141 2763 cuspidem

140 2781 247 2869 sede,
273 2767 507 2880 pervaserat,
530 2809 610 2854 non
635 2783 784 2880 longius
805 2783 858 2854 ibi
876 2783 984 2856 lineis
1007 2782 1140 2856 trihus.

138 2903 271 2996 Itaque
317 2893 571 2998 pericardium
609 2902 728 2998 nigro·
746 2901 927 2997 sanguiue
948 2925 1143 2997 .grumoso

140 3017 346 3089 distentum
362 3019 645 3108 inveneramus,
665 3018 876 3110 mediastini
896 3003 1143 3091 autemante-

136 3135 280 3206 riorem
294 3151 458 3233 partem,
470 3127 545 3234 qua
562 3137 701 3210 vulnus
717 3138 932 3226 transierat,
954 3153 990 3212 et
1009 3163 1140 3236 supra,
1215 3141 1218 3148 ’

140 3249 314 3348 infraque
332 3253 379 3324 ad
396 3277 475 3324 non
487 3253 863 3351 ‘brevem‘tractume
883 3259 1067 3354 sanguine
1086 3257 1143 3326 ni·
1244 3251 1248 3262 ‘

143 3370 368 3468 gricantem,
388 3387 426 3442 et
448 3375 555 3469 quasi
572 3372 759 3472 turgidam
772 3372 895 3466 ,nihil
914 3390 1044 3447 autem.
1060 3397 1144 3444 san·

138 3486 268 3583 guinis
288 3485 330 3555 in
359 3487 577 3560 ventriculis
603 3489 743 3578 cordis,
773 3491 930 3588 ejusque
954 3488 1143 3560 auriculis.

133 3603 382 3700 ·Nequcintra
393 3603 584 3678 thoracem
604 3608 815 3706 quidquam
828 3624 1004 3706 praeterea
1018 3608 1149 3680 lasum¹

144 3719 274 3792 fuerat.
296 3721 465 3798 Exterius
487 3739 610 3794 autem
644 3726 683 3796 in
710 3751 858 3798 summo
876 3725 990 3799 dorso
1005 3739 1145 3798 contu-

146 3839 262 3909 sionis
282 3839 435 3936 vestigia
454 3865 535 3938 quae
553 3858 670 3914 acute
688 3844 727 3912 in
742 3842 1011 3942 pinguedinem
1025 3823 1145 3940 usque

145 3979 184 4032 se
202 3955 472 4047 extendebant,
485 3959 660 4032 rotundis
671 3961 868 4063 utriusque
879 3962 1038 4064 scapulae
1054 3986 1148 4038 mus·
