2700 4660
79 464 155 514 sia.
171 461 222 514 1v.
240 459 436 524 usuum
448 452 971 526 mitono.,etc.1trtsr.tv111.
1000 453 1065 517 sit

57 575 184 669 dura,
205 593 250 651 ut
268 605 288 650 a
305 576 533 677 praevalente
550 567 808 649 musculorum
824 580 880 667 vi,
895 579 942 650 ad
958 593 1073 652 unam
1104 551 1117 578 Ι

59 697 233 794 aliquam
251 699 392 769 ossium
408 691 540 766 laniem
555 695 814 783 attinentium,
833 699 874 766 in
892 711 973 768 eam
995 715 1075 770 tor-

59 829 258 910 queantur
276 829 444 912 partem,
461 811 785 909 quemadmodum
797 813 887 884 aiibi
907 815 920 904 (
929 813 961 909 t)
981 815 1076 887 indi·

62 945 195 1001 catum
212 945 284 1018 est,
299 927 496 1001 uhiattam
514 929 561 998 de
575 931 791 1027 proposito,
811 932 1075 1032 explicatoque

62 1072 84 1117 a
101 1049 242 1145 Meryo
260 1045 314 1144 (a)
337 1046 626 1118 adolescentule
644 1041 781 1120 sceleto
802 1047 951 1122 locutus
972 1074 1076 1142 sum;

64 1163 155 1236 ideo
170 1184 298 1262 neque
316 1162 396 1260 ejus
416 1159 703 1236 adolescentulae
726 1181 878 1238 curvata
904 1167 998 1240 adeo
1019 1193 1078 1240 ar-

67 1297 182 1356 tuum
207 1305 313 1370 ossa,
337 1298 374 1354 et
399 1278 581 1354 humilem
614 1282 703 1354 inde
733 1287 844 1355 etiam
880 1299 1078 1376 staturam,

68 1399 161 1474 licet
186 1401 319 1473 similia
348 1397 408 1472 his
428 1399 635 1498 acciderint
655 1403 694 1470 in
715 1400 787 1472 illis
807 1411 970 1500 quorum
997 1430 1080 1478 ossa

69 1539 231 1607 carnea,
252 1533 316 1592 aut
333 1512 505 1616 pultacett
525 1516 620 1590 facta
641 1536 720 1590 ess'e
741 1516 838 1607 dixi,
861 1545 983 1618 neque
1008 1546 1079 1620 pu-

71 1635 300 1724 milionum,
313 1635 389 1707 sive
410 1651 600 1707 uariorum
620 1633 670 1707 ob
693 1637 833 1708 intorla
857 1663 879 1713 a.
899 1639 1081 1712 rachitide

73 1779 157 1828 ossa
175 1753 397 1826 brevitatem
415 1752 490 1824 huc
512 1755 703 1852 pertinere
721 1755 943 1827 existimavi:
966 1782 1083 1854 quan·

74 1884 194 1971 quam
229 1887 309 1942 nun
346 1885 503 1944 cunutus
534 1871 601 1968 qui
639 1871 729 1940 nani
761 1873 855 1959 sint,
884 1873 1088 1948 racliiticos

75 2012 158 2062 esse
179 1989 269 2061 seio.
291 1989 403 2060 Posse
426 1989 526 2059 enim·
542 1987 765 2060 brevissimo
790 2003 950 2086 corpote
970 2012 1084 2086 quos-

76 2081 166 2180 <lam
182 2106 306 2195 nasci,
333 2120 369 2178 et
400 2128 533 2204 parum
561 2125 749 2193 crescere,
777 2106 924 2178 ossibus
952 2109 1083 2194 rectis,

78 2222 339 2320 membrisque
365 2221 545 2292 omnibus
565 2223 664 2294 inter
684 2245 723 2295 se
741 2224 989 2320 proportione
1008 2249 1086 2296 res·

79 2339 358 2442 punientibus,
375 2341 404 2411 si
417 2336 513 2410 forte
532 2325 703 2428 dubitas3
722 2339 782 2411 vel
797 2342 999 2414 novissliiio
1013 2344 1085 2415 isto

80 2458 256 2556 exemplo
277 2457 450 2528 convinci
467 2471 594 2554 potes,
620 2455 724 2554 quod
745 2458 784 2526 in
810 2457 966 2530 laudatae
994 2463 1087 2532 Aca·

81 2579 215 2650 demite
232 2573 393 2646 Historia
416 2573 470 2670 (3)
491 2574 612 2672 leges,
633 2573 849 2669 hujusmodi
866 2577 975 2672 pueri
992 2579 1088 2672 jam·

79 2697 155 2793 jam
174 2692 455 2792 quinquennis,
481 2713 605 2788 neque
626 2705 751 2762 tamen
778 2691 978 2788 pollicibus
995 2693 1088 2766 duo·

82 2808 154 2885 bus
169 2827 208 2883 et
223 2809 357 2906 viginti
376 2809 571 2907 longioris.
592 2810 702 2879 Nunc
721 2808 938 2904 priusquam
954 2809 1001 2880 ad
1020 2811 1089 2882 alia

85 2945 338 3014 transeamus,
359 2926 405 2996 ad
425 2949 486 2998 eas
510 2925 557 2997 de
576 2925 716 3023 quibus
727 2941 838 3022 supra
853 2925 996 2998 dictum
1013 2943 1089 3018 est,

88 3049 227 3120 ossium
238 3043 454 3130 flexilitatis,
471 3055 508 3114 et
521 3039 728 3140 fragilitatis
743 3067 890 3131 causas,
907 3045 1089 3140 juiathas

89 3184 243 3264 quoque
255 3161 428 3258 adjicere.
448 3161 670 3230 Dominicus
684 3161 903 3259 Gagliardus
922 3163 976 3258 (li)
995 3164 1090 3234 rnol-

89 3283 135 3354 tia
146 3337 155 3368 ,
168 3296 222 3368 et,
239 3279 343 3378 quod
359 3279 625 3376 consequitur,
644 3275 788 3377 fragilia
801 3303 883 3351 ossa
900 3282 944 3352 iis
957 3281 995 3351 in
1013 3307 1093 3352 cor·

92 3399 247 3500 poribus
269 3395 351 3468 fieri
377 3398 546 3484 censuit,
567 3397 704 3494 quihus
724 3400 848 3470 minus
873 3397 969 3469 ¹dura
997 3395 1092 3470 obti-

130 3703 175 3782 (1)
195 3703 291 3778 Epist.
309 3719 363 3773 27,
381 3719 410 3756 n.
427 3698 464 3760 33
477 3711 506 3756 et
517 3699 566 3766 34.

132 3804 175 3881 (a)
195 3805 286 3860 Mem.
299 3801 335 3858 de
345 3801 457 3858 l'Acad.
470 3818 534 3875 roy.
550 3799 600 3856 des
613 3799 661 3857 So.
671 3840 680 3873 ,
692 3815 744 3860 tm.
758 3799 846 3874 1706.

135 3901 178 3980 (3)
197 3906 254 3961 An.
277 3902 352 3974 1746
364 3942 373 3972 ,
387 3901 452 3957 obs.
466 3909 545 3957 anat.
561 3899 589 3956 8.

136 4003 179 4082 (i)
199 4004 275 4062 obs..
287 4003 320 4076 3,
339 4019 431 4098 supra
443 4000 482 4058 ad
497 4019 527 4056 n.
544 3999 578 4072 6,
591 3997 641 4056 cit.

834 4076 935 4189 w
1025 4089 1035 4133 .-
