2700 4660
321 382 394 457 190
485 379 533 432 DE
558 378 705 429 SEDIBUS
728 379 773 428 ΕΤ
797 377 922 429 closis
940 379 1155 440 ‚montolium

316 499 417 570 circa
435 493 547 593 hujus
563 495 678 566 latera
691 491 869 566 inferiora
882 496 934 566 sic
949 511 991 568 ut
1001 497 1125 596 aliqua
1133 501 1173 570 in
1183 498 1309 573 oblou·
1347 516 1349 558 t

289 659 295 666 -
318 641 404 714 gam
419 616 556 686 seriem
577 611 891 709 disponerentur,
919 613 1080 708 majores
1100 633 1223 689 autem
1242 645 1310 690 car·
1348 636 1349 675 1

317 734 499 831 tilagineae
529 745 676 816 crustae,
713 753 780 802 seu
803 729 929 826 potius
949 727 1106 802 fimbriae
1132 735 1310 832 glandula
1348 752 1349 792 ³

231 882 245 898 «⁷
317 850 474 945 alicujus
509 847 807 944 mucilaginosa,
836 847 1114 946 cartilagineam
1152 867 1309 924 crustam
1348 867 1349 909 l

317 983 418 1040 arcte
430 965 636 1063 operientis
649 965 688 1034 in
707 959 916 1036 recessibus
930 955 1157 1070 quibusdam
1176 977 1309 1040 ossium
1346 985 1349 1026 l

317 1086 365 1157 ad
382 1108 515 1156 cavum
534 1082 681 1154 articuli
695 1082 977 1180 pertinentium.
1006 1085 1078 1154 Alii
1097 1100 1222 1156 autem
1241 1109 1309 1156 om·

317 1201 410 1273 uino
434 1215 541 1272 erant
560 1201 673 1286 ossei,
704 1198 768 1268 alii
797 1197 867 1270 sub
905 1199 1147 1297 cartilagineo
1177 1203 1309 1272 cortice

317 1341 468 1391 osseum
486 1303 672 1388 'nucleum
709 1314 965 1386 continebant.
1009 1319 1104 1386 Cum
1133 1318 1174 1387 in
1200 1318 1307 1388 altero
1348 1339 1349 1379 t

318 1461 471 1535 quoque
491 1460 590 1533 genu
605 1433 740 1504 vellem
760 1457 947 1538 quaerere,
969 1435 998 1504 si
1017 1429 1113 1524 forte
1130 1435 1308 1521 inessent,
1347 1453 1349 1496 l

317 1553 528 1650 meliusque
539 1551 722 1649 originem
732 1549 974 1622 ostenderent
987 1574 1114 1638 suam,·
1140 1577 1236 1650 aegre
1250 1551 1309 1624 tuli
1348 1579 1349 1652 ᾗ

315 1671 393 1768 jam
405 1695 491 1741 cum
498 1671 686 1768 plerisque
704 1667 785 1740 aliis
801 1667 971 1764 partibus
980 1665 1091 1740 fuisse
1104 1667 1306 1740 humatum.
1348 1655 1349 1734 ἶ

372 1787 426 1860 15.
441 1793 622 1860 Caeterum
635 1785 737 1858 unde
749 1785 972 1873 exstiterint,
983 1785 1076 1856 illud
1087 1804 1237 1858 certum
1249 1801 1308 1873 est,
1348 1807 1349 1850 i

319 1907 395 1979 sive
411 1931 455 1977 ex
472 1905 752 2002 mucilaginosis
777 1917 1018 1974 excreverant
1044 1903 1251 2001 glandulis,
1267 1929 1308 1974 se
1348 1926 1349 1968 t

319 2026 525 2096 cretionem
545 2021 780 2119 mucilaginis
796 2019 1081 2106 imminuend0,
1104 2007 1244 2094 nocere
1263 2046 1308 2092 ar·
1348 2021 1349 2082 l

317 2143 435 2213 ticulo
454 2141 643 2239 potuisse,
663 2140 739 2209 sive
761 2136 911 2210 aliunde
928 2153 1053 2227 eraut,
1077 2141 1108 2209 si
1136 2139 1307 2214 hactenus
1348 2163 1349 2232 l

318 2257 422 2328 haud
451 2259 614 2363 inultum
638 2270 848 2327 nocuerant
876 2256 1016 2354 (neque
1043 2258 1144 2326 enim
1164 2257 1205 2329 id
1216 2259 1306 2338 ‚scire
1348 2277 1349 2316 t

198 2451 217 2466 ‚
317 2401 390 2474 pro
410 2389 512 2446 certo
532 2373 656 2472 licuit)
674 2373 900 2472 plurimum,
918 2375 1179 2471 augescendo,
1206 2375 1307 2447 fuisse
1346 2373 1349 2436 l

315 2488 521 2566 nocituros.
541 2493 642 2582 Quin
661 2490 776 2588 siquis
789 2489 884 2562 forte
909 2490 1067 2581 diceret,
1084 2519 1128 2566 ex
1143 2495 1190 2566 iis
1203 2493 1305 2566 osseis

318 2609 481 2708 globulis
492 2611 690 2680 minimum
701 2615 935 2706 quempiam,
958 2633 1057 2705 genu
1074 2633 1112 2680 se
1128 2613 1304 2708 agitante,
1346 2655 1349 2672 ‚

317 2752 338 2800 e
358 2751 424 2799 sua
454 2727 625 2798 avulsum
651 2726 761 2813 sede,
789 2741 901 2823 atque
926 2727 1026 2798 inter
1043 2727 1250 2824 condylum
1274 2738 1304 2796 et

315 2845 479 2915 rotulam
506 2845 769 2939 interjectum,
789 2843 983 2940 utriusque
1002 2845 1239 2944 cartilaginea
1261 2843 1305 2912 vi·
1346 2833 1347 2836 ¹

314 2963 366 3032 tia
389 2957 555 3034 attulisse
588 2987 670 3058 quae
693 2959 855 3032 indicata
874 2975 962 3031 sunt
981 2988 990 3050 ;
1011 2987 1091 3035 non
1116 2965 1147 3035 is
1179 2964 1303 3062 loque·

316 3095 422 3150 retur
453 3105 475 3150 a
507 3079 587 3149 veri
619 3077 862 3149 similitudine
885 3134 887 3138 a
908 3080 1064 3150 omnino
1106 3079 1304 3161 abhorren-

317 3197 625 3294 tia:quanquam
648 3197 822 3285 memini,
850 3220 937 3266 cum
968 3197 1182 3294 insequenti
1212 3219 1299 3270 anno

314 3311 457 3384 ibidem
494 3315 621 3384 nescio
650 3313 757 3409 cujus
789 3312 953 3385 hominis
980 3339 1080 3412 genu
1109 3317 1300 3413 perlustra·

314 3455 417 3518 rem,
454 3445 616 3502 crustam
651 3430 819 3526 ejusdem
849 3432 1001 3529 condyli
1036 3434 1299 3531 cartilagineam

253 3557 262 3578 ⁸
315 3548 443 3622 eadem
471 3549 533 3619 illa
562 3564 666 3646 parte
691 3569 766 3646 qua
789 3550 950 3620 rotulam
972 3551 1118 3646 tangit,
1135 3546 1298 3623 nonnihil

313 3668 419 3766 quasi
455 3691 646 3737 corrosam
675 3666 881 3753 invenisse,
918 3691 997 3738 non
1018 3669 1153 3764 majori
1190 3667 1298 3768 spatio

311 3809 424 3882 quam
437 3783 542 3882 quod
556 3784 691 3880 unguis
710 3781 816 3880 digiti
840 3785 986 3854 minimi
1005 3787 1154 3883 operire
1166 3785 1296 3883 potuis*

314 3917 386 3993 set,
411 3903 629 4000 exiguisque
655 3899 735 3971 aliis
761 3901 802 3974 in
833 3925 876 3972 ea
901 3902 1038 3974 vicinia
1062 3903 1228 4000 spatiolis
1253 3917 1297 3971 ta·
