2746 4662
111 488 176 536 ma.
193 486 242 534 iv.
253 487 300 532 ua
313 466 663 546 uoamsctamuac„
680 471 749 529 etc.
765 481 879 530 amsa.
891 483 962 530 sv1.
994 457 1063 531 105

71 603 119 673 ad
140 623 352 672 mensuram
371 619 485 694 usque
505 595 705 694 spithamae
724 595 926 692 longiores,
951 617 1066 692 quam

72 727 103 789 in
117 733 214 790 statu
219 718 384 808 ficerunt
399 710 569 784 naturali
575 767 585 800 ,
596 711 849 782 reddiderint:
871 710 977 808 quod
995 713 1065 782 mi·
1144 757 1149 768 ·

72 837 177 908 cubile
204 832 463 932 quidemst,
495 829 559 902 sed
578 828 672 900 illud
701 829 928 917 mirabilius,
962 830 1067 926 quod

73 967 256 1051 persanata
272 973 368 1048 aegra
379 949 443 1036 sit,
458 947 680 1044 atdeinceps
687 949 825 1043 absque
838 945 915 1018 ullo
930 952 1067 1018 incom-

74 1069 173 1142 modo
190 1069 307 1139 libere
337 1072 473 1136 iterum
497 1063 664 1136 incedere
684 1069 863 1162 potuerit.
891 1065 1065 1161 Denique

74 1203 104 1258 et
127 1187 352 1258 luxationem
387 1182 488 1253 illam
522 1181 599 1251 huc
628 1180 763 1266 addes,
789 1205 870 1278 quae
898 1205 920 1252 a
945 1183 1065 1254 Petito

72 1295 241 1401 chirurgo¹
260 1303 314 1394 (1)
331 1299 496 1371 indicata
511 1313 583 1384 est,
601 1313 771 1368 nontam
787 1323 807 1368 a
825 1320 934 1370 causa
950 1313 1066 1372 exter·

72 1445 130 1509 na,
146 1443 256 1517 quam
267 1413 322 1489 ¹ab
337 1417 488 1488 laesione
500 1439 567 1514 per
587 1413 685 1486 hanc
699 1415 1068 1514 mucilaginoaisacc-¹

72 1538 180 1608 tubuli
206 1533 395 1634 glandulis
406 1532 527 1619 illata,
551 1545 594 1602 ut
605 1531 768 1604 uberius
790 1548 932 1606 secreta
949 1529 1069 1604 muci·
1128 1531 1132 1538 ’

71 1653 145 1750 lago
176 1668 275 1723 teres
312 1651 556 1747 ligamentum
591 1649 735 1719 sensim·
772 1647 955 1737 laxando,
1002 1663 1067 1720 aut

73 1767 345 1868 abrumpend0‚
362 1781 475 1864 caput
486 1763 637 1838 femoris
652 1791 730 1836 non
744 1769 889 1856 statim,
905 1766 970 1838 sed
981 1780 1068 1864 post

71 1886 213 1985 longum
233 1899 384 1982 tempus
405 1882 588 1955 extrudat.
649 1911 670 1952 s

118 2005 167 2076 16.
185 2009 374 2076 Hactenus
387 2027 468 2100 quae
489 2002 659 2100 graviora
680 2000 719 2072 in
744 2025 894 2073 summo
913 1998 1066 2074 femoris

74 2122 222 2194 articulo
240 2119 482 2208 offendimus,
492 2120 581 2190 vitia
592 2119 777 2217 accepisti.
787 2121 865 2190 Nec
880 2118 959 2190 leve
974 2119 1067 2190 illud
1110 2106 1114 2118 ’

74 2255 144 2311 crat
161 2237 289 2337 quod,
308 2239 348 2308 in
364 2236 497 2309 clauda
515 2236 673 2308 muliere
689 2217 1013 2326 animadversum,
1027 2239 1067 2308 in

74 2360 250 2455 proximas
271 2356 413 2428 litteras
431 2353 638 2427 differimus
655 2354 793 2453 quibus
808 2355 855 2427 de
870 2355 1067 2428 arthritide

75 2476 178 2548 verba
199 2473 292 2569 fient
311 2472 378 2572 (a).
397 2478 491 2554 Sunt
506 2487 542 2544 et
557 2473 698 2546 leviora
714 2473 903 2571 quadam,
923 2474 969 2546 de
987 2477 1069 2572 qui·
1173 2503 1174 2506 ¹

73 2590 157 2680 bus,
192 2617 279 2664 cum
312 2593 352 2662 in
388 2589 686 2662 claudicantibus
726 2607 927 2689 conspecta
970 2593 1067 2681 sint,

77 2711 354 2807 qualiacumque
373 2706 530 2796 luerint,
562 2721 726 2779 nonest
756 2705 830 2779 hoc
867 2706 952 2780 loco
983 2710 1069 2780 reti-

76 2827 238 2899 cendum.
1033 2909 1036 2918 A

120 2971 169 3044 17.
187 2943 323 3018 Vetula
345 2958 528 3016 etruscaa
547 2943 772 3014 contusione
793 2943 1007 3016 coxendicis
1021 2946 1072 3017 ita

78 3059 318 3146 claudicabat,
348 3075 390 3132 ut
409 3060 474 3132 diu
499 3057 638 3132 cubare
662 3075 873 3158 cogeretur.
904 3063 1070 3134 Accessit

77 3179 227 3252 universi
248 3179 419 3276 corporis
442 3176 570 3266 dolor,
601 3191 710 3266 etex
738 3177 853 3275 longo
888 3176 1069 3250 decubitu

79 3319 262 3394 gangraeua
278 3295 324 3368 ad
336 3309 451 3366 nates.
466 3298 597 3394 Itaque
615 3295 792 3392 paulatim
808 3293 988 3368 deficiens
998 3295 1068 3368 sub

78 3409 212 3484 initium
235 3412 359 3482 martii
386 3413 427 3481 in
456 3412 677 3484 nosocomio
701 3425 850 3497 mortua
881 3428 937 3484 est
968 3437 1069 3484 anno

83 3535 170 3623 ¹744·
195 3523 367 3601 Cadaver
383 3529 452 3600 etsi
478 3528 525 3599 ad
545 3529 616 3600 alia
633 3553 715 3626 quae
733 3529 941 3602 secundum
960 3547 1071 3602 natu·

81 3667 145 3718 ram
163 3662 285 3734 erant,
310 3659 347 3718 ct
367 3671 450 3743 quae
465 3644 542 3717 huc
565 3670 643 3717 non
658 3648 837 3737 attinent,
863 3672 1068 3747 recognos-

90 3817 1068 3848 ww

117 3926 154 4006 (ι)
172 3933 261 3988 Mem.
276 3931 313 3988 dc
325 3931 437 3988 l’Acad.
450 3949 517 4008 roy·
531 3930 583 3996 dec
595 3935 663 4006 Sc,
679 3950 726 3992 an·
743 3949 827 4004 17²²·

117 4024 158 4108 (a)
172 4029 264 4106 Epist.
279 4030 331 4105 57,
349 4049 380 4088 a.
395 4048 423 4089 a.
840 4062 842 4066 ·
