2858 4658
228 513 299 560 nra.
313 511 363 558 iv.
384 509 578 564 nuuouurs
592 510 791 576 carruae,
804 501 873 560 etc.
892 512 1003 562 amsr.
1016 515 1072 562 cv.
1142 491 1165 566 5·

152 632 284 706 nantia
305 630 438 728 capitis
461 627 675 716 ulcuscula,
703 651 836 700 eorum
854 653 1010 726 prorsus
1031 631 1165 716 similia

153 774 238 846 quae
266 747 428 820 achores
455 749 495 817 in
523 744 730 852 infantibus
757 769 954 835 vocamus,
984 773 1005 819 a
1038 745 1165 848 frigidi

152 867 337 940 nocturni
363 865 459 939 aeris
484 865 634 962 injuriis
660 867 796 938 siccata
815 881 942 953 erant,
969 891 1056 938 cum
1076 883 1166 944 octo

151 987 217 1054 vix
233 979 368 1056 diebus
387 985 543 1084 exactis,
561 983 734 1083 »maligna
752 981 850 1056 febri
869 1000 1068 1082 correptus
1088 1002 1164 1073 est,

151 1103 449 1192 vomitionibus,
480 1117 516 1174 et
546 1102 712 1200 denique
744 1103 911 1200 singultu
940 1105 1093 1200 stipata,
1121 1108 1163 1176 in

154 1246 230 1318 qua
258 1223 327 1294 etsi
340 1223 477 1322 pulsus
493 1221 601 1294 valde
623 1219 744 1292 infimi
766 1239 891 1310 erant,
909 1237 946 1294 et
971 1238 1163 1320 praterea

153 1365 238 1438 quae
250 1338 345 1427 dixi,
376 1365 490 1438 prava
516 1339 686 1412 alienon
709 1341 867 1412 deerant
893 1328 1165 1438 symptomata,

152 1459 235 1556 ipse
258 1467 384 1531 tamen
410 1456 508 1530 bene
529 1481 679 1556 semper
695 1458 766 1530 sibi
784 1459 931 1540 habere,
942 1459 1160 1532 videbatur:

153 1601 202 1648 ex
229 1602 368 1675 eaque,
395 1574 533 1648 frustra
556 1579 704 1648 seniore
729 1579 810 1674 ejus
840 1577 1006 1664 medic0‚
1035 1593 1073 1650 et
1100 1603 1161 1652 me

152 1721 310 1794 quoque
325 1695 460 1766 dieb'us
472 1697 685 1766 novissimis
697 1697 900 1784 accersito,
921 1721 1004 1794 quae
1022 1721 1164 1796 oppor·
1226 1732 1227 1736 ¹

149 1829 246 1886 tuna
265 1814 502 1898 viderentur,
520 1811 799 1910 praestantibus,
823 1839 943 1885 nono·
958 1814 1082 1887 morbi
1102 1817 1161 1886 in-

150 1933 253 2004 teriit
269 1931 340 2002 die.
359 1931 462 2002 Alter
486 1932 687 2028 persimili,
707 1933 738 2003 si
757 1933 852 2005 cutis
867 1934 1103 2021 erosionem,
1124 1949 1162 2008 et

151 2065 297 2122 crustas
315 2064 518 2147 spectares,
533 2045 731 2122 affectione
748 2049 945 2139 laborans,
968 2075 1050 2148 quar
1075 2051 1161 2123 bra-

152 2167 240 2240 chia
268 2161 452 2266 primum,
472 2192 562 2237 mox
592 2193 702 2239 crura
734 2192 911 2265 quoque,
937 2168 1102 2266 denique
1123 2183 1161 2241 et

148 2287 278 2386 partes
296 2285 501 2356 nonnullas
516 2277 605 2357 alias
625 2285 836 2373 cruciabat,
864 2311 951 2358 cum
970 2287 1016 2358 de
1035 2289 1160 2359 consi·

149 2404 203 2478 lio
221 2404 351 2476 nescio
381 2403 488 2505 cujus
520 2403 669 2476 indusio
703 2429 794 2476 usus
823 2419 935 2493 esset,
969 2402 1160 2478 suffitione

148 2520 347 2620 sulphuris
362 2518 570 2605 medicam,
589 2521 684 2592 cutis
704 2520 857 2618 quidem
878 2522 1056 2594 morbum
1079 2549 1177 2594 oms
1244 2525 1251 2570 ⁸

147 2664 240 2711 nem
256 2637 535 2738 propemodum
551 2637 744 2734 abegerat,
762 2639 874 2711 simul
884 2665 976 2710 vero
988 2639 1158 2712 rheuma·
1215 2697 1218 2704 .

148 2759 235 2830 ticis
252 2757 418 2829 universi
430 2757 601 2854 corporis
612 2754 809 2827 doloribus
820 2755 1159 2854 prehensusfuerat

150 2901 239 2948 cum
274 2872 378 2946 febre
413 2874 642 2970 conjunctiS,
680 2875 748 2975 qui
782 2897 860 2944 non
890 2873 1005 2948 modo
1039 2893 1160 2949 noctu

151 2995 365 3095 quiescere,
387 2991 451 3064 sed
473 3007 511 3065 et
530 2992 694 3064 interdiu
717 3017 756 3064 se
784 2992 830 3064 de
852 2993 967 3064 latere
994 2995 1034 3066 in
1061 2994 1159 3066 latus

150 3125 371 3183 convertere
403 3109 679 3208 prohibebant,
713 3113 806 3207 quin
826 3111 884 3182 vel
909 3112 1078 3209 linguam
1104 3112 1160 3210 ip-

151 3253 249 3316 sam,
268 3243 305 3300 et
338 3228 465 3330 gulam
493 3225 642 3299 afficere
673 3227 914 3326 incipiebant.
950 3234 1159 3302 Occursum

150 3364 208 3423 est
227 3373 248 3418 a
268 3346 379 3420 nobis
396 3346 494 3434 citu,
512 3360 550 3418 et
568 3345 777 3443 diligenter.
811 3345 882 3418 Sed
908 3358 1056 3435 tamen',
1088 3349 1160 3420 uisi

148 3482 287 3538 natura
318 3463 538 3560 adjuvisset,
568 3463 821 3560 retropulsam
854 3443 1159 3562 materiampar·

150 3587 220 3656 tim
245 3582 293 3655 ad
314 3598 458 3667 cutem,
479 3580 615 3678 partim
647 3579 695 3654 ad
720 3581 896 3654 intestina
922 3608 1000 3679 quo
1019 3608 1097 3680 ‚per
1120 3607 1159 3659 se

151 3701 353 3802 vergebat,
372 3696 611 3797 expellend0,
643 3723 768 3798 neque
785 3700 884 3770 intra
910 3725 1078 3777 mensem
1101 3724 1162 3770 so·

152 3821 253 3895 lutos
271 3817 442 3904 dolores,
460 3841 585 3915 neque
616 3815 714 3886 intra
733 3839 799 3886 ver
829 3819 1045 3916 proximum
1075 3842 1162 3914 pcr-

154 3953 322 4013 sanatam
341 3950 464 4006 cutem
482 3933 588 4006 facile
615 3933 857 4023 vidissemus,
882 3961 1005 4033 neque
1023 3959 1163 4032 agrum

154 4053 292 4132 deinde
307 4053 486 4156 sospitem
503 4052 550 4124 ad
570 4047 774 4140 extremam
790 4077 911 4152 usque
928 4068 1164 4128 senectutem
