2700 4660
622 305 627 348 1

161 395 165 405 »
281 373 353 424 uoo
397 331 398 336 ἵ
444 373 490 420 os
516 371 663 422 sumnus
688 373 731 418 aa
757 369 881 418 causis
906 359 1117 421 nonroauu

279 503 316 560 et
336 487 500 584 deniqne
518 485 674 583 epistola
694 483 773 556 haec
796 485 928 556 ultima
952 501 1015 557 aut
1031 487 1102 558 alia
1120 484 1264 558 aretine

280 605 474 676 laesionum
493 603 646 697 vestigia
660 602 715 698 (ι)
733 617 796 673 aut
813 603 930 699 ipsam
947 627 1020 700 qua
1035 605 1194 700 cingitur
1203 605 1265 675 Lit-

277 723 340 794 trii
357 719 548 820 glandula,
565 717 831 790 inflammatam
852 722 865 816 (
892 721 925 816 ),
948 736 1011 790 aut
1032 723 1202 819 Cowperi
1222 721 1265 792 al·

276 857 393 912 teram
431 837 646 936 glandulam
673 837 887 909 induratam
911 839 1018 935 (3),
1044 855 1109 910 aut
1124 931 1128 936 .
1145 841 1268 938 strigo·

254 1025 255 1032 ,
274 947 353 1028 wsam
367 954 421 1050 (4)
432 970 513 1041 ,etit
528 953 710 1026 ductuum
727 956 924 1054 utriusque
936 956 1065 1027 oscula
1084 971 1268 1028 nonre'cte

276 1099 314 1146 se
328 1072 505 1144 habentia
522 1071 593 1168 (5),
607 1087 671 1142 aut
687 1071 871 1144 obcaecata
897 1074 1051 1144 illorum
1068 1075 1197 1146 oscula
1211 1075 1269 1172 qai

273 1213 401 1266 semen
415 1187 599 1268 invehunt
614 1187 692 1286 (6),
709 1204 772 1260 aut
789 1190 986 1262 seminales
1010 1190 1164 1264 tandem
1184 1191 1266 1264 vesi·

275 1308 376 1380 sulas
390 1309 588 1404 strigosus,
607 1323 644 1378 et
659 1331 832 1380 exsuccos
846 1309 859 1394 ζ
863 1308 914 1405 7).
936 1359 939 1368 -

324 1445 356 1518 3.
376 1447 454 1516 Nec
468 1469 557 1516 vero
583 1443 719 1514 horum
738 1471 822 1542 quae
838 1446 933 1531 dixi,
955 1447 1134 1516 vitiorum
1153 1445 1271 1518 obser·

273 1565 442 1634 vationes
460 1562 724 1634 tantummodo
747 1562 794 1632 ad
814 1577 849 1633 te
869 1563 975 1650 misi3
1002 1587 1133 1633 verum
1168 1563 1271 1634 etiam

273 1681 318 1750 iis
336 1679 537 1777 praesertim
564 1679 711 1750 duabus
731 1703 824 1776 quas
849 1679 963 1750 modo
985 1681 1116 1776 saepius
1134 1703 1272 1750 memo·

273 1788 425 1882 rabam,
457 1797 623 1894 epistolis
642 1799 741 1867 XLII
764 1811 801 1868 et
824 1801 938 1868 XLIV
965 1795 1083 1867 fusius
1108 1795 1272 1894 quaedam

273 1929 491 2012 persecatus
506 1939 588 1985 suin
606 1938 688 2008 quae
704 1915 805 1984 luem
818 1939 1016 1985 veneream
1035 1915 1275 1999 comitantur,

273 2047 337 2104 aut
368 2031 674 2126 subsequuntur,
713 2031 978 2132 gonorrhoeam
1007 2031 1203 2120 videlicet,
1240 2043 1275 2102 et

177 2216 179 2220 ,
274 2147 437 2218 urethrae
455 2125 549 2244 quas
563 2147 755 2244 appellant
775 2149 1006 2220 carunculas.
1028 2151 1083 2218 De
1104 2147 1164 2220 his
1180 2149 1274 2220 enirn

277 2263 370 2360 quid
391 2263 452 2333 alii
466 2267 668 2351 senserint,
681 2278 746 2334 aut
765 2264 947 2352 viderint,
972 2265 1211 2362 etquidmihi
1226 2267 1276 2336 vi·

275 2381 365 2452 dere
401 2381 666 2478 contigentia
703 2381 765 2452 illa
797 2385 893 2452 XLII
923 2383 1081 2479 epistola
1115 2384 1173 2486 (8)
1202 2409 1276 2454 non

275 2499 394 2594 omisi.
416 2502 476 2583 De
487 2496 716 2595 gonorrhoea
730 2515 853 2570 autem
874 2525 957 2570 curn
988 2501 1125 2596 pistola
1143 2503 1189 2573 sit
1205 2515 1277 2573 tota

273 2602 407 2702 XLIV,
427 2616 519 2712 quid
543 2615 589 2686 de
617 2617 771 2714 singulis
796 2617 895 2689 illius
920 2525 1089 2706 serimus,
1124 2621 1278 2704 caeteris,

275 2733 444 2829 mihique
475 2749 722 2830 conspectum
748 2732 880 2823 fuerit,
913 2736 1046 2807 ordine
1078 2739 1278 2835 proposui,

277 2875 347 2920 nec
365 2850 536 2946 quaedam
555 2851 625 2922 alia
642 2876 724 2946 quae
743 2851 790 2922 ad
807 2853 925 2949 ipsam
951 2854 1175 2942 attinerent,
1193 2879 1278 2952 prae·

278 2968 429 3037 termisi.
453 2967 556 3038 Nihil
576 2969 692 3063 igitur
709 2968 841 3039 eorum
856 2985 1025 3068 repetere
1043 2973 1208 3059 volenti,
1226 2995 1277 3042 re·

280 3084 428 3178 liquum
460 3099 515 3154 est
545 3099 587 3154 ut
609 3099 702 3186 tres,
733 3103 796 3157 aut
814 3103 991 3184 quatuor,
1006 3113 1089 3185 quae
1109 3088 1206 3162 forte
1227 3113 1279 3160 su·

278 3214 435 3297 persunt
469 3198 751 3276 observationes
786 3202 847 3275 hic
876 3203 1064 3302 proferam
1096 3205 1144 3277 ad
1179 3207 1275 3278 luem
