<?xml version="1.0" encoding="UTF-8"?>
<!DOCTYPE html PUBLIC "-//W3C//DTD XHTML 1.0 Transitional//EN"
    "http://www.w3.org/TR/xhtml1/DTD/xhtml1-transitional.dtd">
<html xmlns="http://www.w3.org/1999/xhtml" xml:lang="en" lang="en">
 <head>
  <title>
</title>
<meta http-equiv="Content-Type" content="text/html;charset=utf-8" />
  <meta name='ocr-system' content='tesseract 3.04.00' />
  <meta name='ocr-capabilities' content='ocr_page ocr_carea ocr_par ocr_line ocrx_word'/>
</head>
<body>
  <div class='ocr_page' id='page_1' title='image "./desedibusetcaus02adelgoog_0449.png"; bbox 0 0 2782 4652; ppageno 0'>
   <div class='ocr_carea' id='block_1_1' title="bbox 282 439 1128 530">
    <p class='ocr_par' dir='ltr' id='par_1_1' title="bbox 282 439 1128 530">
     <span class='ocr_line' id='line_1_1' title="bbox 282 439 1128 530; baseline 0.005 -16"><span class='ocrx_word' id='word_1_1' title='bbox 282 439 368 530; x_wconf 65' lang='grc'><strong>456·</strong></span> <span class='ocrx_word' id='word_1_2' title='bbox 451 465 498 512; x_wconf 76' lang='lat' dir='ltr'><strong>ua</strong></span> <span class='ocrx_word' id='word_1_3' title='bbox 523 465 670 516; x_wconf 77' lang='lat' dir='ltr'><strong>sumnus</strong></span> <span class='ocrx_word' id='word_1_4' title='bbox 689 469 739 526; x_wconf 75' lang='lat' dir='ltr'><strong>m·</strong></span> <span class='ocrx_word' id='word_1_5' title='bbox 757 465 891 517; x_wconf 72' lang='lat' dir='ltr'><strong>‘cnusls</strong></span> <span class='ocrx_word' id='word_1_6' title='bbox 918 467 1128 518; x_wconf 72' lang='lat' dir='ltr'><strong>monnonuu</strong></span> 
     </span>
    </p>
   </div>
   <div class='ocr_carea' id='block_1_2' title="bbox 275 576 1380 2086">
    <p class='ocr_par' dir='ltr' id='par_1_2' title="bbox 275 576 1380 2086">
     <span class='ocr_line' id='line_1_2' title="bbox 280 576 1273 682; baseline 0 -32"><span class='ocrx_word' id='word_1_7' title='bbox 280 576 462 682; x_wconf 81' lang='lat' dir='ltr'><strong>deorsum</strong></span> <span class='ocrx_word' id='word_1_8' title='bbox 486 603 615 652; x_wconf 80' lang='lat' dir='ltr'><strong>versus</strong></span> <span class='ocrx_word' id='word_1_9' title='bbox 640 593 745 652; x_wconf 89' lang='lat' dir='ltr'><strong>recto</strong></span> <span class='ocrx_word' id='word_1_10' title='bbox 778 579 991 671; x_wconf 83' lang='lat' dir='ltr'>minorem,</span> <span class='ocrx_word' id='word_1_11' title='bbox 1029 581 1215 680; x_wconf 84' lang='lat' dir='ltr'><strong>simulque</strong></span> <span class='ocrx_word' id='word_1_12' title='bbox 1242 596 1273 652; x_wconf 91' lang='lat' dir='ltr'><strong>et</strong></span> 
     </span>
     <span class='ocr_line' id='line_1_3' title="bbox 280 691 1276 800; baseline 0 -34"><span class='ocrx_word' id='word_1_13' title='bbox 280 694 382 767; x_wconf 87' lang='lat' dir='ltr'><strong>illius</strong></span> <span class='ocrx_word' id='word_1_14' title='bbox 411 695 611 786; x_wconf 76' lang='lat' dir='ltr'><strong>vertebrae,</strong></span> <span class='ocrx_word' id='word_1_15' title='bbox 638 712 886 797; x_wconf 79' lang='lat' dir='ltr'><strong>etquatuor,</strong></span> <span class='ocrx_word' id='word_1_16' title='bbox 919 724 967 770; x_wconf 89' lang='lat' dir='ltr'><strong>an</strong></span> <span class='ocrx_word' id='word_1_17' title='bbox 993 691 1187 800; x_wconf 71' lang='lat' dir='ltr'><strong>quinque,</strong></span> <span class='ocrx_word' id='word_1_18' title='bbox 1215 699 1276 796; x_wconf 88' lang='lat' dir='ltr'><strong>ipsi</strong></span> 
     </span>
     <span class='ocr_line' id='line_1_4' title="bbox 280 813 1275 914; baseline 0.003 -32"><span class='ocrx_word' id='word_1_19' title='bbox 280 813 541 911; x_wconf 86' lang='lat' dir='ltr'><strong>impositarum</strong></span> <span class='ocrx_word' id='word_1_20' title='bbox 560 837 719 914; x_wconf 87' lang='lat' dir='ltr'><strong>corpora</strong></span> <span class='ocrx_word' id='word_1_21' title='bbox 738 817 994 888; x_wconf 81' lang='lat' dir='ltr'><strong>sinistrorsum</strong></span> <span class='ocrx_word' id='word_1_22' title='bbox 1019 813 1275 898; x_wconf 87' lang='lat' dir='ltr'><strong>convertebat,</strong></span> 
     </span>
     <span class='ocr_line' id='line_1_5' title="bbox 281 931 1278 1032; baseline 0.001 -32"><span class='ocrx_word' id='word_1_23' title='bbox 281 946 323 1001; x_wconf 93' lang='lat' dir='ltr'><strong>ut</strong></span> <span class='ocrx_word' id='word_1_24' title='bbox 349 931 426 1002; x_wconf 86' lang='lat' dir='ltr'><strong>haec</strong></span> <span class='ocrx_word' id='word_1_25' title='bbox 451 955 530 1003; x_wconf 88' lang='lat' dir='ltr'><strong>non</strong></span> <span class='ocrx_word' id='word_1_26' title='bbox 557 934 784 1004; x_wconf 87' lang='lat' dir='ltr'><strong>anteriorem</strong></span> <span class='ocrx_word' id='word_1_27' title='bbox 812 934 976 1006; x_wconf 84' lang='lat' dir='ltr'><strong>thoracis</strong></span> <span class='ocrx_word' id='word_1_28' title='bbox 998 935 1201 1032; x_wconf 90' lang='lat' dir='ltr'><strong>parictem,</strong></span> <span class='ocrx_word' id='word_1_29' title='bbox 1222 931 1278 1005; x_wconf 92' lang='lat' dir='ltr'><strong>sed</strong></span> 
     </span>
     <span class='ocr_line' id='line_1_6' title="bbox 280 1047 1278 1150; baseline 0.001 -32"><span class='ocrx_word' id='word_1_30' title='bbox 280 1071 435 1146; x_wconf 88' lang='lat' dir='ltr'><strong>prorsus</strong></span> <span class='ocrx_word' id='word_1_31' title='bbox 455 1047 554 1120; x_wconf 89' lang='lat' dir='ltr'><strong>latus</strong></span> <span class='ocrx_word' id='word_1_32' title='bbox 571 1051 762 1122; x_wconf 87' lang='lat' dir='ltr'><strong>sinistrum</strong></span> <span class='ocrx_word' id='word_1_33' title='bbox 783 1065 1003 1150; x_wconf 84' lang='lat' dir='ltr'><strong>spectarent.</strong></span> <span class='ocrx_word' id='word_1_34' title='bbox 1030 1055 1075 1123; x_wconf 88' lang='lat' dir='ltr'><strong>Et</strong></span> <span class='ocrx_word' id='word_1_35' title='bbox 1096 1051 1278 1148; x_wconf 84' lang='lat' dir='ltr'><strong>descripta</strong></span> 
     </span>
     <span class='ocr_line' id='line_1_7' title="bbox 278 1163 1280 1268; baseline 0 -30"><span class='ocrx_word' id='word_1_36' title='bbox 278 1165 433 1263; x_wconf 86' lang='lat' dir='ltr'><strong>quidem</strong></span> <span class='ocrx_word' id='word_1_37' title='bbox 444 1163 1280 1268; x_wconf 78' lang='lat' dir='ltr'><strong>flexionemultoeratminorquaeinvertebris</strong></span> 
     </span>
     <span class='ocr_line' id='line_1_8' title="bbox 280 1283 1281 1385; baseline 0.003 -32"><span class='ocrx_word' id='word_1_38' title='bbox 280 1284 465 1354; x_wconf 88' lang='lat' dir='ltr'><strong>universis</strong></span> <span class='ocrx_word' id='word_1_39' title='bbox 490 1283 731 1372; x_wconf 89' lang='lat' dir='ltr'><strong>lumborum,</strong></span> <span class='ocrx_word' id='word_1_40' title='bbox 772 1301 808 1357; x_wconf 91' lang='lat' dir='ltr'><strong>et</strong></span> <span class='ocrx_word' id='word_1_41' title='bbox 823 1291 923 1384; x_wconf 76' lang='lat' dir='ltr'><strong>¹‘quae</strong></span> <span class='ocrx_word' id='word_1_42' title='bbox 952 1287 992 1359; x_wconf 91' lang='lat' dir='ltr'><strong>in</strong></span> <span class='ocrx_word' id='word_1_43' title='bbox 1026 1284 1281 1385; x_wconf 87' lang='lat' dir='ltr'><strong>superioribus</strong></span> 
     </span>
     <span class='ocr_line' id='line_1_9' title="bbox 275 1389 1281 1502; baseline 0.002 -32"><span class='ocrx_word' id='word_1_44' title='bbox 275 1389 466 1488; x_wconf 84' lang='lat' dir='ltr'><strong>thoracis,</strong></span> <span class='ocrx_word' id='word_1_45' title='bbox 492 1401 653 1499; x_wconf 89' lang='lat' dir='ltr'><strong>imisque</strong></span> <span class='ocrx_word' id='word_1_46' title='bbox 679 1403 834 1476; x_wconf 77' lang='lat' dir='ltr'><strong>cervicis</strong></span> <span class='ocrx_word' id='word_1_47' title='bbox 867 1402 1189 1502; x_wconf 80' lang='lat' dir='ltr'><strong>conspiciebatur.</strong></span> <span class='ocrx_word' id='word_1_48' title='bbox 1218 1401 1281 1473; x_wconf 83' lang='lat' dir='ltr'><strong>Sed</strong></span> 
     </span>
     <span class='ocr_line' id='line_1_10' title="bbox 281 1517 1284 1619; baseline 0.001 -31"><span class='ocrx_word' id='word_1_49' title='bbox 281 1533 407 1591; x_wconf 88' lang='lat' dir='ltr'><strong>tamen</strong></span> <span class='ocrx_word' id='word_1_50' title='bbox 423 1533 503 1590; x_wconf 90' lang='lat' dir='ltr'><strong>erat</strong></span> <span class='ocrx_word' id='word_1_51' title='bbox 524 1517 719 1592; x_wconf 80' lang='lat' dir='ltr'><strong>manifesta</strong></span> <span class='ocrx_word' id='word_1_52' title='bbox 739 1517 951 1619; x_wconf 81' lang='lat' dir='ltr'><strong>utrobique·</strong></span> <span class='ocrx_word' id='word_1_53' title='bbox 963 1523 1077 1619; x_wconf 80' lang='lat' dir='ltr'><strong>spinae</strong></span> <span class='ocrx_word' id='word_1_54' title='bbox 1094 1519 1284 1593; x_wconf 89' lang='lat' dir='ltr'><strong>inclinatio</strong></span> 
     </span>
     <span class='ocr_line' id='line_1_11' title="bbox 281 1631 1282 1733; baseline 0 -27"><span class='ocrx_word' id='word_1_55' title='bbox 281 1659 410 1706; x_wconf 91' lang='lat' dir='ltr'><strong>arcum</strong></span> <span class='ocrx_word' id='word_1_56' title='bbox 427 1633 639 1723; x_wconf 80' lang='lat' dir='ltr'><strong>referentis,</strong></span> <span class='ocrx_word' id='word_1_57' title='bbox 663 1638 771 1733; x_wconf 70' lang='lat' dir='ltr'><strong>cnjus</strong></span> <span class='ocrx_word' id='word_1_58' title='bbox 788 1631 1003 1710; x_wconf 80' lang='lat' dir='ltr'><strong>convexitas</strong></span> <span class='ocrx_word' id='word_1_59' title='bbox 1025 1640 1064 1708; x_wconf 94' lang='lat' dir='ltr'><strong>in</strong></span> <span class='ocrx_word' id='word_1_60' title='bbox 1082 1637 1228 1733; x_wconf 89' lang='lat' dir='ltr'><strong>lumbis</strong></span> <span class='ocrx_word' id='word_1_61' title='bbox 1243 1635 1282 1708; x_wconf 87' lang='lat' dir='ltr'><strong>ad</strong></span> 
     </span>
     <span class='ocr_line' id='line_1_12' title="bbox 283 1751 1284 1853; baseline 0.002 -31"><span class='ocrx_word' id='word_1_62' title='bbox 283 1752 493 1839; x_wconf 82' lang='lat' dir='ltr'><strong>dexteram,</strong></span> <span class='ocrx_word' id='word_1_63' title='bbox 515 1753 727 1826; x_wconf 87' lang='lat' dir='ltr'><strong>concavitas</strong></span> <span class='ocrx_word' id='word_1_64' title='bbox 738 1751 786 1825; x_wconf 90' lang='lat' dir='ltr'><strong>ad</strong></span> <span class='ocrx_word' id='word_1_65' title='bbox 805 1753 1012 1843; x_wconf 80' lang='lat' dir='ltr'><strong>sinistram3</strong></span> <span class='ocrx_word' id='word_1_66' title='bbox 1035 1757 1075 1826; x_wconf 94' lang='lat' dir='ltr'><strong>in</strong></span> <span class='ocrx_word' id='word_1_67' title='bbox 1091 1755 1284 1853; x_wconf 87' lang='lat' dir='ltr'><strong>superiore</strong></span> 
     </span>
     <span class='ocr_line' id='line_1_13' title="bbox 283 1850 1377 1970; baseline 0.001 -30"><span class='ocrx_word' id='word_1_68' title='bbox 283 1882 408 1941; x_wconf 87' lang='lat' dir='ltr'><strong>autem</strong></span> <span class='ocrx_word' id='word_1_69' title='bbox 441 1868 581 1958; x_wconf 86' lang='lat' dir='ltr'><strong>dorso,</strong></span> <span class='ocrx_word' id='word_1_70' title='bbox 616 1870 875 1970; x_wconf 85' lang='lat' dir='ltr'><strong>proximisque</strong></span> <span class='ocrx_word' id='word_1_71' title='bbox 912 1869 1120 1945; x_wconf 87' lang='lat' dir='ltr'><strong>cervicibus</strong></span> <span class='ocrx_word' id='word_1_72' title='bbox 1148 1871 1216 1944; x_wconf 88' lang='lat' dir='ltr'><strong>illa</strong></span> <span class='ocrx_word' id='word_1_73' title='bbox 1245 1870 1285 1942; x_wconf 88' lang='lat' dir='ltr'><strong>ad</strong></span> <span class='ocrx_word' id='word_1_74' title='bbox 1372 1850 1377 1876; x_wconf 49' lang='lat'>²</span> 
     </span>
     <span class='ocr_line' id='line_1_14' title="bbox 284 1986 1380 2086; baseline -0.002 -26"><span class='ocrx_word' id='word_1_75' title='bbox 284 1987 579 2076; x_wconf 83' lang='lat' dir='ltr'><strong>sinistram,haec</strong></span> <span class='ocrx_word' id='word_1_76' title='bbox 599 1987 645 2058; x_wconf 88' lang='lat' dir='ltr'><strong>ad</strong></span> <span class='ocrx_word' id='word_1_77' title='bbox 661 1986 850 2060; x_wconf 86' lang='lat' dir='ltr'><strong>dexteram</strong></span> <span class='ocrx_word' id='word_1_78' title='bbox 872 1987 1095 2086; x_wconf 85' lang='lat' dir='ltr'><strong>pertinebat.</strong></span> <span class='ocrx_word' id='word_1_79' title='bbox 1115 1989 1286 2086; x_wconf 88' lang='lat' dir='ltr'><strong>Denique</strong></span> <span class='ocrx_word' id='word_1_80' title='bbox 1379 2045 1380 2048; x_wconf 63' lang='lat'><strong>,</strong></span> 
     </span>
    </p>
   </div>
   <div class='ocr_carea' id='block_1_3' title="bbox 161 2091 1381 2204">
    <p class='ocr_par' dir='ltr' id='par_1_3' title="bbox 161 2091 1381 2204">
     <span class='ocr_line' id='line_1_15' title="bbox 161 2091 1381 2204; baseline -0.006 -25"><span class='ocrx_word' id='word_1_81' title='bbox 161 2154 170 2164; x_wconf 91' lang='lat'><em>-</em></span> <span class='ocrx_word' id='word_1_82' title='bbox 285 2106 530 2204; x_wconf 84' lang='lat' dir='ltr'><strong>ligamentum</strong></span> <span class='ocrx_word' id='word_1_83' title='bbox 545 2103 649 2202; x_wconf 91' lang='lat' dir='ltr'><strong>quod</strong></span> <span class='ocrx_word' id='word_1_84' title='bbox 667 2105 766 2176; x_wconf 82' lang='lat' dir='ltr'><strong>intra</strong></span> <span class='ocrx_word' id='word_1_85' title='bbox 782 2102 942 2202; x_wconf 89' lang='lat' dir='ltr'><strong>primam</strong></span> <span class='ocrx_word' id='word_1_86' title='bbox 965 2102 1051 2176; x_wconf 88' lang='lat' dir='ltr'><strong>colli</strong></span> <span class='ocrx_word' id='word_1_87' title='bbox 1075 2105 1286 2178; x_wconf 86' lang='lat' dir='ltr'><strong>vertebram</strong></span> <span class='ocrx_word' id='word_1_88' title='bbox 1379 2091 1381 2150; x_wconf 69' lang='lat' dir='ltr'><strong>l</strong></span> 
     </span>
    </p>
   </div>
   <div class='ocr_carea' id='block_1_4' title="bbox 225 2221 1388 4082">
    <p class='ocr_par' dir='ltr' id='par_1_4' title="bbox 246 2221 1290 2794">
     <span class='ocr_line' id='line_1_16' title="bbox 285 2221 1286 2322; baseline -0.004 -26"><span class='ocrx_word' id='word_1_89' title='bbox 285 2221 459 2296; x_wconf 73' lang='lat' dir='ltr'><strong>secunda</strong></span> <span class='ocrx_word' id='word_1_90' title='bbox 469 2241 703 2320; x_wconf 82' lang='lat' dir='ltr'><strong>processum,</strong></span> <span class='ocrx_word' id='word_1_91' title='bbox 717 2247 831 2321; x_wconf 90' lang='lat' dir='ltr'><strong>quern</strong></span> <span class='ocrx_word' id='word_1_92' title='bbox 844 2221 996 2322; x_wconf 78' lang='lat' dir='ltr'><strong>dentem</strong></span> <span class='ocrx_word' id='word_1_93' title='bbox 1011 2239 1169 2310; x_wconf 87' lang='lat' dir='ltr'><strong>vocant,</strong></span> <span class='ocrx_word' id='word_1_94' title='bbox 1183 2223 1286 2296; x_wconf 90' lang='lat' dir='ltr'><strong>dimi·</strong></span> 
     </span>
     <span class='ocr_line' id='line_1_17' title="bbox 284 2327 1290 2439; baseline 0.001 -28"><span class='ocrx_word' id='word_1_95' title='bbox 284 2340 375 2425; x_wconf 88' lang='lat' dir='ltr'><strong>diati</strong></span> <span class='ocrx_word' id='word_1_96' title='bbox 387 2339 519 2411; x_wconf 89' lang='lat' dir='ltr'><strong>annuli</strong></span> <span class='ocrx_word' id='word_1_97' title='bbox 542 2341 660 2412; x_wconf 90' lang='lat' dir='ltr'><strong>instar</strong></span> <span class='ocrx_word' id='word_1_98' title='bbox 678 2355 824 2439; x_wconf 83' lang='lat' dir='ltr'><strong>atergo</strong></span> <span class='ocrx_word' id='word_1_99' title='bbox 842 2327 1103 2439; x_wconf 83' lang='lat' dir='ltr'><strong>amplectitur,</strong></span> <span class='ocrx_word' id='word_1_100' title='bbox 1122 2338 1290 2412; x_wconf 87' lang='lat' dir='ltr'><strong>animad-</strong></span> 
     </span>
     <span class='ocr_line' id='line_1_18' title="bbox 283 2455 1289 2557; baseline -0.003 -27"><span class='ocrx_word' id='word_1_101' title='bbox 283 2458 380 2530; x_wconf 70' lang='lat' dir='ltr'><strong>verti</strong></span> <span class='ocrx_word' id='word_1_102' title='bbox 392 2456 628 2546; x_wconf 87' lang='lat' dir='ltr'><strong>cum-dente,</strong></span> <span class='ocrx_word' id='word_1_103' title='bbox 645 2458 881 2557; x_wconf 81' lang='lat' dir='ltr'><strong>praesertima</strong></span> <span class='ocrx_word' id='word_1_104' title='bbox 893 2455 1052 2547; x_wconf 85' lang='lat' dir='ltr'><strong>dextris,</strong></span> <span class='ocrx_word' id='word_1_105' title='bbox 1065 2473 1289 2544; x_wconf 78' lang='lat' dir='ltr'><strong>connatam,</strong></span> 
     </span>
     <span class='ocr_line' id='line_1_19' title="bbox 285 2571 1290 2648; baseline -0.006 1"><span class='ocrx_word' id='word_1_106' title='bbox 285 2575 441 2648; x_wconf 78' lang='lat' dir='ltr'><strong>fortasse</strong></span> <span class='ocrx_word' id='word_1_107' title='bbox 460 2573 512 2647; x_wconf 92' lang='lat' dir='ltr'><strong>ob</strong></span> <span class='ocrx_word' id='word_1_108' title='bbox 525 2571 716 2647; x_wconf 84' lang='lat' dir='ltr'><strong>assiduum</strong></span> <span class='ocrx_word' id='word_1_109' title='bbox 729 2591 795 2648; x_wconf 91' lang='lat' dir='ltr'><strong>aut</strong></span> <span class='ocrx_word' id='word_1_110' title='bbox 803 2589 904 2648; x_wconf 85' lang='lat' dir='ltr'><strong>certe</strong></span> <span class='ocrx_word' id='word_1_111' title='bbox 913 2573 1189 2648; x_wconf 85' lang='lat' dir='ltr'><strong>creberrimum</strong></span> <span class='ocrx_word' id='word_1_112' title='bbox 1208 2573 1290 2648; x_wconf 91' lang='lat' dir='ltr'><strong>colli</strong></span> 
     </span>
     <span class='ocr_line' id='line_1_20' title="bbox 246 2688 1143 2794; baseline -0.004 -28"><span class='ocrx_word' id='word_1_113' title='bbox 246 2777 250 2786; x_wconf 76' lang='lat'><em>,</em></span> <span class='ocrx_word' id='word_1_114' title='bbox 287 2695 475 2794; x_wconf 86' lang='lat' dir='ltr'><strong>positum,</strong></span> <span class='ocrx_word' id='word_1_115' title='bbox 496 2688 660 2765; x_wconf 80' lang='lat' dir='ltr'><strong>sicfacto</strong></span> <span class='ocrx_word' id='word_1_116' title='bbox 669 2691 818 2764; x_wconf 91' lang='lat' dir='ltr'><strong>homini</strong></span> <span class='ocrx_word' id='word_1_117' title='bbox 832 2691 1143 2766; x_wconf 88' lang='lat' dir='ltr'><strong>commodiorem.</strong></span> 
     </span>
    </p>

    <p class='ocr_par' dir='ltr' id='par_1_5' title="bbox 225 2806 1388 4082">
     <span class='ocr_line' id='line_1_21' title="bbox 319 2806 1291 2910; baseline -0.004 -26"><span class='ocrx_word' id='word_1_118' title='bbox 319 2853 323 2874; x_wconf 86' lang='lat'>‹</span> <span class='ocrx_word' id='word_1_119' title='bbox 340 2833 393 2884; x_wconf 81' lang='lat' dir='ltr'><strong>ra.</strong></span> <span class='ocrx_word' id='word_1_120' title='bbox 412 2813 527 2881; x_wconf 81' lang='lat' dir='ltr'><strong>Prava</strong></span> <span class='ocrx_word' id='word_1_121' title='bbox 543 2807 661 2898; x_wconf 88' lang='lat' dir='ltr'><strong>adeo,</strong></span> <span class='ocrx_word' id='word_1_122' title='bbox 678 2817 794 2908; x_wconf 86' lang='lat' dir='ltr'><strong>quam</strong></span> <span class='ocrx_word' id='word_1_123' title='bbox 804 2808 1007 2910; x_wconf 87' lang='lat' dir='ltr'><strong>descripsi,</strong></span> <span class='ocrx_word' id='word_1_124' title='bbox 1022 2806 1145 2907; x_wconf 83' lang='lat' dir='ltr'><strong>Spinae</strong></span> <span class='ocrx_word' id='word_1_125' title='bbox 1158 2806 1291 2908; x_wconf 87' lang='lat' dir='ltr'><strong>figura,</strong></span> 
     </span>
     <span class='ocr_line' id='line_1_22' title="bbox 287 2925 1291 3028; baseline -0.001 -29"><span class='ocrx_word' id='word_1_126' title='bbox 287 2935 472 3028; x_wconf 85' lang='lat' dir='ltr'><strong>quantum</strong></span> <span class='ocrx_word' id='word_1_127' title='bbox 488 2925 708 3000; x_wconf 85' lang='lat' dir='ltr'><strong>inflectebat</strong></span> <span class='ocrx_word' id='word_1_128' title='bbox 723 2925 976 3002; x_wconf 85' lang='lat' dir='ltr'><strong>adhaerentem</strong></span> <span class='ocrx_word' id='word_1_129' title='bbox 996 2927 1172 2998; x_wconf 86' lang='lat' dir='ltr'><strong>arteriam</strong></span> <span class='ocrx_word' id='word_1_130' title='bbox 1190 2951 1291 3026; x_wconf 90' lang='lat' dir='ltr'><strong>mag-</strong></span> 
     </span>
     <span class='ocr_line' id='line_1_23' title="bbox 267 3029 1388 3143; baseline -0.004 -25"><span class='ocrx_word' id='word_1_131' title='bbox 267 3043 394 3132; x_wconf 88' lang='lat' dir='ltr'><strong>nam,</strong></span> <span class='ocrx_word' id='word_1_132' title='bbox 416 3057 562 3116; x_wconf 87' lang='lat' dir='ltr'><strong>tantum</strong></span> <span class='ocrx_word' id='word_1_133' title='bbox 580 3041 756 3143; x_wconf 83' lang='lat' dir='ltr'><strong>expedito</strong></span> <span class='ocrx_word' id='word_1_134' title='bbox 769 3043 959 3143; x_wconf 89' lang='lat' dir='ltr'><strong>sanguinis</strong></span> <span class='ocrx_word' id='word_1_135' title='bbox 974 3045 1099 3117; x_wconf 88' lang='lat' dir='ltr'><strong>cursui</strong></span> <span class='ocrx_word' id='word_1_136' title='bbox 1112 3034 1290 3116; x_wconf 83' lang='lat' dir='ltr'><strong>inferiora</strong></span> <span class='ocrx_word' id='word_1_137' title='bbox 1387 3029 1388 3054; x_wconf 55' lang='lat'>¹</span> 
     </span>
     <span class='ocr_line' id='line_1_24' title="bbox 277 3159 1289 3262; baseline -0.003 -27"><span class='ocrx_word' id='word_1_138' title='bbox 277 3181 413 3235; x_wconf 71' lang='lat' dir='ltr'><strong>&#39;tersus</strong></span> <span class='ocrx_word' id='word_1_139' title='bbox 425 3159 759 3260; x_wconf 67' lang='lat' dir='ltr'><strong>obstabat.‘ltaque</strong></span> <span class='ocrx_word' id='word_1_140' title='bbox 778 3159 981 3252; x_wconf 87' lang='lat' dir='ltr'><strong>efficiebat,</strong></span> <span class='ocrx_word' id='word_1_141' title='bbox 999 3178 1041 3234; x_wconf 90' lang='lat' dir='ltr'><strong>ut</strong></span> <span class='ocrx_word' id='word_1_142' title='bbox 1054 3159 1141 3261; x_wconf 91' lang='lat' dir='ltr'><strong>plus</strong></span> <span class='ocrx_word' id='word_1_143' title='bbox 1154 3187 1200 3234; x_wconf 85' lang='lat' dir='ltr'><strong>ex</strong></span> <span class='ocrx_word' id='word_1_144' title='bbox 1209 3163 1289 3262; x_wconf 91' lang='lat' dir='ltr'><strong>ipso</strong></span> 
     </span>
     <span class='ocr_line' id='line_1_25' title="bbox 285 3271 1290 3378; baseline -0.004 -24"><span class='ocrx_word' id='word_1_145' title='bbox 285 3279 483 3356; x_wconf 80' lang='lat' dir='ltr'><strong>cerebrum</strong></span> <span class='ocrx_word' id='word_1_146' title='bbox 515 3291 678 3376; x_wconf 88' lang='lat' dir='ltr'><strong>peteret,</strong></span> <span class='ocrx_word' id='word_1_147' title='bbox 697 3277 849 3377; x_wconf 88' lang='lat' dir='ltr'><strong>hocque</strong></span> <span class='ocrx_word' id='word_1_148' title='bbox 870 3271 918 3351; x_wconf 86' lang='lat' dir='ltr'><strong>ad</strong></span> <span class='ocrx_word' id='word_1_149' title='bbox 943 3279 1185 3378; x_wconf 85' lang='lat' dir='ltr'><strong>sanguineam</strong></span> <span class='ocrx_word' id='word_1_150' title='bbox 1202 3303 1290 3378; x_wconf 86' lang='lat' dir='ltr'><strong>apo·</strong></span> 
     </span>
     <span class='ocr_line' id='line_1_26' title="bbox 269 3389 1293 3500; baseline -0.004 -31"><span class='ocrx_word' id='word_1_151' title='bbox 269 3389 1293 3500; x_wconf 60' lang='lat' dir='ltr'><strong>&#39;plexiamdisponeretQuaetamennecitiusoccideret‚</strong></span> 
     </span>
     <span class='ocr_line' id='line_1_27' title="bbox 281 3504 1289 3610; baseline -0.004 -22"><span class='ocrx_word' id='word_1_152' title='bbox 281 3531 363 3588; x_wconf 89' lang='lat' dir='ltr'><strong>tum</strong></span> <span class='ocrx_word' id='word_1_153' title='bbox 384 3514 504 3586; x_wconf 81' lang='lat' dir='ltr'><strong>illaesae</strong></span> <span class='ocrx_word' id='word_1_154' title='bbox 524 3512 607 3585; x_wconf 86' lang='lat' dir='ltr'><strong>duae</strong></span> <span class='ocrx_word' id='word_1_155' title='bbox 623 3512 693 3584; x_wconf 79' lang='lat' dir='ltr'><strong>illae</strong></span> <span class='ocrx_word' id='word_1_156' title='bbox 716 3514 756 3584; x_wconf 91' lang='lat' dir='ltr'><strong>in</strong></span> <span class='ocrx_word' id='word_1_157' title='bbox 774 3513 1073 3586; x_wconf 86' lang='lat' dir='ltr'><strong>ventriculorum</strong></span> <span class='ocrx_word' id='word_1_158' title='bbox 1096 3511 1178 3586; x_wconf 90' lang='lat' dir='ltr'><strong>basi</strong></span> <span class='ocrx_word' id='word_1_159' title='bbox 1202 3504 1289 3610; x_wconf 88' lang='lat' dir='ltr'><strong>p&#39;ro-</strong></span> 
     </span>
     <span class='ocr_line' id='line_1_28' title="bbox 225 3615 1292 3728; baseline 0 -28"><span class='ocrx_word' id='word_1_160' title='bbox 225 3694 228 3700; x_wconf 88' lang='lat'><strong>.</strong></span> <span class='ocrx_word' id='word_1_161' title='bbox 281 3631 524 3720; x_wconf 81' lang='lat' dir='ltr'><strong>tuberantire,</strong></span> <span class='ocrx_word' id='word_1_162' title='bbox 541 3645 622 3702; x_wconf 85' lang='lat' dir='ltr'><strong>tum</strong></span> <span class='ocrx_word' id='word_1_163' title='bbox 641 3645 840 3728; x_wconf 87' lang='lat' dir='ltr'><strong>oportunae</strong></span> <span class='ocrx_word' id='word_1_164' title='bbox 857 3653 963 3705; x_wconf 78' lang='lat' dir='ltr'><strong>venre</strong></span> <span class='ocrx_word' id='word_1_165' title='bbox 987 3615 1173 3702; x_wconf 78' lang='lat' dir='ltr'><strong>sectiones</strong></span> <span class='ocrx_word' id='word_1_166' title='bbox 1191 3651 1292 3727; x_wconf 75' lang='lat' dir='ltr'><strong>pras·</strong></span> 
     </span>
     <span class='ocr_line' id='line_1_29' title="bbox 280 3743 1289 3847; baseline -0.007 -25"><span class='ocrx_word' id='word_1_167' title='bbox 280 3753 460 3837; x_wconf 87' lang='lat' dir='ltr'><strong>titeront,</strong></span> <span class='ocrx_word' id='word_1_168' title='bbox 486 3745 627 3847; x_wconf 91' lang='lat' dir='ltr'><strong>quibus</strong></span> <span class='ocrx_word' id='word_1_169' title='bbox 646 3745 825 3820; x_wconf 86' lang='lat' dir='ltr'><strong>nimirum</strong></span> <span class='ocrx_word' id='word_1_170' title='bbox 854 3743 993 3821; x_wconf 80' lang='lat' dir='ltr'><strong>factum</strong></span> <span class='ocrx_word' id='word_1_171' title='bbox 1018 3761 1096 3835; x_wconf 89' lang='lat' dir='ltr'><strong>est,</strong></span> <span class='ocrx_word' id='word_1_172' title='bbox 1114 3770 1164 3820; x_wconf 90' lang='lat' dir='ltr'><strong>ne</strong></span> <span class='ocrx_word' id='word_1_173' title='bbox 1193 3747 1289 3818; x_wconf 82' lang='lat' dir='ltr'><strong>laesio</strong></span> 
     </span>
     <span class='ocr_line' id='line_1_30' title="bbox 280 3857 1288 3964; baseline -0.005 -28"><span class='ocrx_word' id='word_1_174' title='bbox 280 3867 321 3937; x_wconf 89' lang='lat' dir='ltr'><strong>in</strong></span> <span class='ocrx_word' id='word_1_175' title='bbox 336 3867 556 3964; x_wconf 81' lang='lat' dir='ltr'><strong>illasusque</strong></span> <span class='ocrx_word' id='word_1_176' title='bbox 578 3864 821 3962; x_wconf 87' lang='lat' dir='ltr'><strong>procederet,</strong></span> <span class='ocrx_word' id='word_1_177' title='bbox 840 3886 910 3936; x_wconf 86' lang='lat' dir='ltr'><strong>nec</strong></span> <span class='ocrx_word' id='word_1_178' title='bbox 927 3861 1119 3962; x_wconf 85' lang='lat' dir='ltr'><strong>sanguinis</strong></span> <span class='ocrx_word' id='word_1_179' title='bbox 1138 3857 1288 3949; x_wconf 82' lang='lat' dir='ltr'><strong>effusio,</strong></span> 
     </span>
     <span class='ocr_line' id='line_1_31' title="bbox 279 3978 1183 4082; baseline -0.004 -26"><span class='ocrx_word' id='word_1_180' title='bbox 279 3985 349 4056; x_wconf 89' lang='lat' dir='ltr'><strong>nisi</strong></span> <span class='ocrx_word' id='word_1_181' title='bbox 363 3984 483 4072; x_wconf 90' lang='lat' dir='ltr'><strong>lente,</strong></span> <span class='ocrx_word' id='word_1_182' title='bbox 502 3995 540 4054; x_wconf 81' lang='lat' dir='ltr'><strong>et</strong></span> <span class='ocrx_word' id='word_1_183' title='bbox 552 4005 682 4081; x_wconf 89' lang='lat' dir='ltr'><strong>parce,</strong></span> <span class='ocrx_word' id='word_1_184' title='bbox 701 3997 738 4055; x_wconf 84' lang='lat' dir='ltr'><strong>et</strong></span> <span class='ocrx_word' id='word_1_185' title='bbox 756 4005 825 4082; x_wconf 91' lang='lat' dir='ltr'><strong>per</strong></span> <span class='ocrx_word' id='word_1_186' title='bbox 843 3982 1049 4056; x_wconf 84' lang='lat' dir='ltr'><strong>intervalla</strong></span> <span class='ocrx_word' id='word_1_187' title='bbox 1063 3978 1183 4056; x_wconf 84' lang='lat' dir='ltr'><strong>ficret.-</strong></span> 
     </span>
    </p>
   </div>
   <div class='ocr_carea' id='block_1_5' title="bbox 0 0 1410 4652">
    <p class='ocr_par' dir='ltr' id='par_1_6' title="bbox 0 0 1410 4652">
     <span class='ocr_line' id='line_1_32' title="bbox 0 0 1410 4652; baseline 0 0"><span class='ocrx_word' id='word_1_188' title='bbox 0 0 1410 4652; x_wconf 95' lang='lat' dir='ltr'><strong> </strong></span> 
     </span>
    </p>
   </div>
  </div>
 </body>
</html>
