2732 4654
109 461 174 508 mr.
188 455 238 507 ιν.
255 457 301 504 nu
313 447 449 502 nonnis
462 449 638 498 caraune.
650 441 740 519 ¹‚cte
759 451 870 499 nrrsr.
886 451 958 499 mx.
988 427 1055 515 341

64 569 447 646 omnibusinvenisse.
463 566 679 662 Satisigitur
694 579 868 663 apparet,
886 590 965 634 non
981 573 1060 635 ‘esse'

67 691 334 776 immediatum,
360 701 403 786 ut
423 686 654 782 loquuntur,
678 699 715 754 et
737 684 934 782 proprium
957 683 1061 780 vipe-

68 812 135 879 rini
157 808 293 880 veneni
323 803 497 878 effectum
523 801 743 900 sanguinem
776 801 992 898 coagulare,
1021 813 1064 870 ut
1155 803 1159 811 '

69 952 184 1023 neque
212 925 436 1010 dissolvere,
463 921 528 994 sed
549 945 619 1018 pro
639 921 750 990 variis
770 917 881 1013 hujus
907 917 1064 1015 disposiss

70 1044 248 1122 tionibus,
268 1057 304 1113 et
318 1067 387 1139 pro
404 1041 515 1112 variis
528 1039 733 1137 praesertim
747 1030 949 1107 nervorum
963 1086 973 1122 ,
985 1047 1065 1107 sani

74 1162 186 1258 guinis
205 1139 372 1244 motum,
399 1173 572 1253 utsupra
604 1153 659 1251 (ι)
687 1153 796 1226 etiam
823 1153 1066 1239 dictumest,

72 1278 159 1347 mire
186 1273 508 1374 perturbantium,
533 1269 795 1352 affectionibus
822 1271 925 1340 vario
951 1269 1068 1340 modo

73 1393 186 1490 ipsum
203 1393 345 1480 vitiari,
358 1407 424 1480 ut,
444 1389 548 1487 quod
568 1390 766 1488 plerasque
786 1385 958 1485 relegens
973 1385 1070 1457 indi·
1168 1413 1173 1420 ·

75 1497 233 1582 catarum
245 1509 580 1595 observationum,
593 1507 798 1604 intelliges,
816 1507 856 1576 in
878 1505 958 1577 aliis
976 1520 1069 1602 quo*

75 1653 142 1722 que
167 1630 213 1700 sit
232 1628 390 1715 rutilus,
414 1638 451 1698 et
474 1625 643 1712 vividus,
669 1627 709 1693 in
736 1623 816 1695 aliis
838 1639 936 1711 ater,
962 1638 999 1694 et
1023 1621 1071 1693 ad

79 1746 356 1842 corruptionem
375 1765 531 1840 pronus.
557 1746 648 1834 Quae
672 1766 757 1812 cum
780 1743 831 1812 ita
850 1744 943 1830 sint3
963 1739 1072 1814 facile

79 1839 189 1958 perte
205 1861 328 1942 vides4
344 1860 663 1956 quandocumque
678 1858 893 1930 volatilibus
915 1873 1072 1958 corpuess

81 1978 166 2050 culis
180 1978 317 2054 referta
333 1977 620 2065 medicamenta,
635 2003 656 2048 a
676 1977 791 2075 longo
807 1977 882 2073 jam
903 1993 1074 2075 tempore

85 2085 337 2170 commendata
363 2093 545 2166 adversus
569 2096 760 2194 viperinos
789 2114 954 2184 morsus,
987 2119 1076 2193 pro-

85 2210 181 2284 desse
194 2214 272 2286 risa
292 2227 399 2300 sunt,
413 2213 473 2282 vel
487 2214 526 2282 in
547 2236 610 2283 eos
628 2235 735 2283 casus
748 2211 923 2284 incidisse
939 2213 978 2282 in
996 2213 1077 2309 qui·

84 2325 148 2400 bus
184 2331 335 2428 sanguis
369 2329 417 2400 ad
463 2333 746 2402 concretionem
776 2346 975 2429 vergeret,
1014 2329 1075 2402 vel

86 2449 200 2519 nervis
212 2450 339 2546 potius
362 2447 585 2546 opitulando
606 2446 802 2545 profuisse.
818 2447 930 2538 Quod
945 2471 989 2519 eo
1003 2474 1078 2519 ma·

88 2563 136 2657 gis
156 2564 358 2637 dicendum
375 2580 493 2654 esset,
514 2567 543 2636 si
568 2565 673 2662 quod
689 2567 730 2634 in
747 2565 925 2636 botanico
943 2567 1014 2636 viri
1033 2567 1077 2636 cl.

90 2681 225 2752 tussieu
245 2683 433 2781 discipulo
456 2685 511 2780 (a)
533 2680 652 2753 tribus
689 2683 729 2751 in
755 2681 880 2778 digitis
912 2686 1081 2779 avipera

94 2798 283 2885 vulnerato
317 2825 398 2872 non
427 2803 511 2872 sine
552 2797 682 2868 eorum
720 2796 797 2869 fere
824 2800 945 2869 statim
975 2801 1084 2872 adve-

91 2915 208 2988 niente
232 2935 405 3017 stupore,
423 2934 459 2990 et
483 2933 654 3004 tumore,
684 2939 754 2986 nee
780 2916 868 3004 levi,
891 2918 1082 3016 adipeam

94 3055 237 3131 quoque
266 3059 420 3109 manum
449 3052 626 3122 extensu,
652 3032 807 3106 feliciter
836 3039 1010 3108 successit
1038 3038 1085 3110 ab

97 3147 322 3244 exhibito‚et
343 3153 565 3224 vulneribus
585 3152 694 3222 etiam
713 3149 834 3222 affuso
849 3151 1006 3225 alkalico
1023 3181 1088 3226 vo-

97 3261 179 3338 latili
194 3270 381 3360 remedio,
414 3295 500 3342 cum
530 3270 615 3340 o'leo
644 3269 789 3340 succini
811 3271 1090 3365 conjunctoffii

99 3379 211 3474 idem,
241 3390 417 3486 inquam,
453 3387 678 3472 remedium,
709 3402 884 3486 prompte
911 3389 950 3460 in
981 3415 1090 3464 usum

101 3509 269 3597 tractum,
294 3522 338 3578 ut
371 3508 411 3578 in
441 3528 578 3602 magno
615 3502 814 3575 brutarum
844 3507 1093 3582 animantium

103 3635 251 3693 numero
283 3637 382 3696 certe
414 3621 552 3697 dicitur
581 3619 846 3718 respondisse,
875 3624 926 3692 ita
957 3625 997 3692 in
1023 3625 1094 3696 ho·

111 3794 1095 3842 ww

142 3895 183 3976 (ι)
201 3904 237 3960 n.
259 3925 289 3981 9.

143 4001 185 4079 tt)
201 4001 274 4062 Hirr.
289 4005 327 4066 de
340 4007 452 4066 l'Acad.
465 4025 530 4088 roy.
545 4005 596 4064 des
611 4006 679 4079 Sc,
693 4023 742 4062 an.
760 4010 851 4076 1747,
864 4003 928 4060 obs·
939 4013 1021 4062 ‘tuat
1038 4021 1067 4063 a.
