2858 4658
312 427 359 504 δα
479 455 527 502 os
553 453 699 506 sentens
723 454 768 502 ar
793 453 916 502 onus1s
940 453 1152 503 nonnosum

313 593 358 640 ea
369 567 504 640 accidit
523 565 794 664 conglutinatio
805 593 815 652 ;
828 565 1006 639 accidisse
1020 583 1144 639 autem
1161 592 1241 640 non
1258 591 1317 640 se·
1404 545 1405 628 i

313 686 388 757 mel
408 663 604 772 novimus,
629 683 667 754 id
694 682 985 782 deligationibus
1015 700 1213 782 acceptum
1237 707 1317 757 esse

314 801 574 888 referendum,
598 825 667 898 per
688 826 781 900 quas
811 799 936 874 femur
958 801 1006 874 ad
1028 817 1140 900 caput
1165 827 1319 900 appres-
1404 789 1405 838 t

314 945 396 994 sum
414 919 555 992 diutius
579 934 765 994 servatum
793 934 866 1009 est,
897 921 1063 1020 aegrique
1096 915 1320 992 constantiae
1404 915 1405 920 ’

315 1039 354 1108 in
374 1036 626 1133 quiescendo,
645 1061 876 1134 omnemque
897 1052 1044 1108 motum
1061 1037 1225 1108 vitando.
1245 1041 1321 1109 Ne·

316 1179 391 1252 que
400 1170 526 1246 tamen
537 1181 616 1227 non
634 1155 767 1226 clauda
784 1155 847 1228 illa
860 1180 954 1227 anus
964 1169 1067 1236 erat,
1080 1157 1120 1226 in
1139 1179 1215 1254 qua
1227 1157 1324 1252 ejus·

316 1272 422 1343 modi
442 1273 806 1388 conglutinationem
830 1275 974 1344 invenit
996 1272 1216 1372 Ruysehius.
1245 1275 1323 1345 Etsi

316 1389 416 1460 enim
434 1386 631 1463 deficiente
657 1388 810 1464 semoris
834 1390 955 1479 collo,
985 1414 1027 1463 os
1046 1403 1171 1462 totum
1196 1391 1325 1464 minus
1404 1413 1405 1416 ’

317 1521 529 1586 extrorsum
544 1507 742 1606 obliquum
755 1506 818 1596 fit,
837 1523 960 1608 eoque
978 1523 1080 1580 artus
1102 1509 1228 1580 minus
1240 1507 1324 1580 bre·
1404 1561 1405 1612 t

316 1625 392 1714 vis,
411 1649 524 1722 quam
552 1623 702 1698 futurus
726 1623 872 1714 fuisset3
896 1639 1022 1697 tamen
1045 1622 1243 1698 sicfemur
1270 1623 1325 1698 fe·
1364 1699 1366 1706 ,
1404 1645 1405 1678 ³

317 1742 415 1814 mori
433 1744 591 1840 propius
604 1757 679 1832 est,
691 1757 729 1816 et
743 1742 1003 1815 musculorum
1023 1743 1171 1841 ipsum,
1187 1757 1326 1815 et-crus
1404 1733 1405 1774 ¹

316 1862 552 1936 moventium
587 1860 813 1934 directiones
851 1875 1057 1933 mutantur.
1096 1859 1169 1942 Sed
1196 1876 1235 1932 et
1261 1861 1326 1932 illa

318 1977 551 2052 claudicabat
564 1975 702 2051 femina
714 1977 762 2052 de
779 2003 854 2076 qua
867 1980 907 2049 in
926 1977 1070 2050 Erndlii
1086 1977 1250 2051 indicata
1261 1979 1328 2052 ob·
1404 2011 1405 2022 ¹

319 2097 534 2174 servatione
552 2119 675 2168 sermo
694 2111 769 2183 est,
799 2097 948 2168 tametsi
966 2097 1045 2196 ipsa
1065 2093 1328 2170 fracta‘cervix
1379 2135 1382 2151 =
1404 2127 1405 2140 ²

317 2239 387 2312 per
403 2212 555 2299 callum,
584 2211 690 2310 digiti
713 2213 863 2311 pollicis
885 2213 1083 2286 latitudine
1108 2213 1179 2288 sub
1200 2218 1325 2314 capite

317 2345 543 2418 exstantem,
558 2330 769 2428 coaluerat,
779 2347 822 2403 ut
832 2357 910 2402 non
926 2330 1054 2404 deesse
1064 2333 1189 2404 cervix
1205 2334 1329 2406 videri

317 2463 464 2548 posset,
483 2447 663 2546 nullaque
681 2449 718 2520 in
734 2450 961 2547 ligamentis,
980 2450 1189 2548 vicinisque
1208 2452 1327 2543 tendi-

317 2567 431 2640 nibus
451 2566 569 2654 laesio,
591 2582 655 2638 aut
672 2583 807 2664 praeter
824 2583 998 2639 naturam
1018 2569 1238 2640 constitutio
1256 2595 1328 2669 ap-

319 2684 497 2784 parebat:
520 2682 614 2756 adeo
641 2683 760 2759 facilis
781 2699 835 2757 est
854 2699 939 2782 post
962 2682 1165 2758 fracturam
1183 2685 1328 2758 clandi-

320 2805 416 2876 catio
429 2801 437 2872 ἒ
449 2805 598 2893 Quanto
619 2817 744 2874 autem
756 2803 937 2900 amplior,
953 2817 992 2874 et
1008 2801 1155 2874 firmior
1173 2818 1228 2875 est
1247 2819 1329 2877 tota

318 2921 382 2998 illa
400 2921 640 3018 pars‘summi
659 2915 834 3008 femoris,
851 2943 1014 3016 quacum
1026 2922 1150 2992 cervix
1167 2946 1231 2994 sua
1248 2921 1331 2995 basi

322 3036 506 3123 cohaeret,¹
526 3060 641 3132 quam
665 3037 790 3110 cervix
814 3038 910 3135 ipsa,
928 3052 1035 3110 tanto
1058 3037 1089 3110 is
1108 3039 1263 3112 coalitus
1281 3041 1329 3112 de

320 3177 400 3252 quo
420 3155 586 3252 primum
614 3151 794 3242 diximus,
825 3155 1092 3254 minusquam
1118 3155 1179 3226 hic
1210 3157 1330 3248 alter,

326 3268 489 3345 difficilis
522 3285 600 3342 est:
633 3271 739 3368 cujus
769 3289 880 3371 auget
913 3271 1171 3348 difficultatem
1198 3275 1330 3348 eadem

326 3413 409 3486 quae
428 3385 572 3464 facilem
583 3386 781 3462 fracturam
792 3390 1063 3490 facit,ohliqua
1074 3393 1228 3464 cervicis
1241 3419 1331 3492 pro-

325 3506 457 3578 tensio.
482 3507 693 3607 Impulsum
721 3511 822 3579 enim
838 3535 951 3607 quem
974 3509 1149 3600 homine,
1168 3513 1331 3611 exempli

324 3648 454 3712 causa,
474 3623 521 3694 ab
541 3625 616 3696 alto
629 3627 668 3696 in
684 3625 800 3723 pedes
823 3627 999 3717 cadente,
1029 3643 1130 3700 reeta
1158 3653 1331 3719 crurum,

325 3757 362 3814 et
381 3739 570 3814 femorum
585 3767 667 3813 ossa
685 3743 841 3839 impune
863 3747 1210 3844 saepiusexcipiunt,
1233 3745 1331 3822 ferre

322 3861 384 3932 vix
404 3883 573 3956 unquam
597 3869 720 3958 potest
749 3861 873 3932 cervix
896 3863 936 3931 in
963 3877 1222 3946 ,transversum
1242 3891 1332 3964 pro-

322 3991 444 4066 tensa,
470 3973 565 4046 adeo
583 3978 789 4072 praesertim
802 3975 965 4077 fragilis,
984 3995 1021 4052 et
1039 4004 1060 4051 a
1081 3984 1201 4080 capite
1220 3987 1328 4082 cuius
