2824 4652
274 423 347 541 bod
437 477 483 528 ns
510 475 657 526 sumnus
679 477 729 528 ar
751 467 875 528 causis
901 475 1115 528 nornoaurr

270 591 524 689 subsequente
548 589 655 664 faciei
676 585 868 662 interdum
892 581 1057 682 rubore,
1085 589 1286 664 interdum

270 707 436 808 pallore,
453 731 566 780 sensu
586 721 711 779 autem
724 707 903 806 angustiae
924 705 1110 798 faucium,
1135 723 1175 780 et
1192 732 1289 780 ven⁴

270 826 397 900 triculi
415 841 598 924 perpetuo
619 827 749 924 gravis.
770 829 886 898 Erant
902 822 1032 924 pulsus
1042 850 1089 897 eo
1106 839 1286 924 tempore

269 943 384 1016 validi
404 941 581 1043 quidem,
608 941 674 1014 sed
691 941 797 1030 duri,
816 957 855 1013 et
876 943 973 1014 rari:
1000 939 1108 1016 altus
1144 957 1290 1028 autem,

195 1133 203 1148 ,
274 1075 312 1135 et
329 1061 449 1134 vesica
466 1082 654 1157 perpauca
682 1053 903 1130 reddebant.
923 1055 1087 1130 Medicis=
1098 1060 1183 1155 jam
1202 1056 1293 1130 inde

272 1203 294 1250 a
332 1176 521 1276 principio
558 1177 730 1274 repetitis
762 1176 954 1276 sauguinis
985 1175 1293 1250 detractionibus

154 1319 158 1328 ·
272 1292 411 1366 fr'ustra
430 1294 523 1379 usis,
554 1295 656 1365 visus
675 1309 731 1366 est
744 1293 906 1366 morbus
922 1317 943 1364 a
958 1294 1179 1368 ventriculo
1197 1319 1287 1394 pen·

272 1411 384 1500 dere,
400 1411 604 1510 praesertim
625 1434 710 1482 cum
728 1430 825 1510 aeger
840 1409 1042 1484 adventare
1057 1411 1227 1484 insultus
1243 1435 1289 1482 ex

274 1525 498 1601 sensufumi
529 1529 635 1626 quasi
657 1529 876 1631 cujusdam,
911 1527 959 1604 ab
979 1528 1289 1628 hypochondriis
1395 1616 1396 1634 ἵ

273 1647 530 1734 ascendentis,
544 1648 786 1744 praesent'iret.
800 1648 923 1746 Igitur
933 1643 1068 1746 praeter
1080 1644 1292 1775 blandiorg

274 1763 453 1838 adversus
469 1763 685 1862 epilepsiam
710 1762 899 1853 remedia,
926 1763 1076 1836 leuibus
1102 1760 1289 1863 eec'opro·

274 1881 359 1952 ticis
381 1881 635 1953 ventriculum
658 1905 727 1979 per
745 1881 941 1956 intervalla
972 1881 1205 1982 repurgare,
1228 1879 1288 1950 ina

276 2003 412 2078 testina
423 2019 550 2076 autem
567 2002 735 2102 quotidie
751 2002 950 2100 clysterum
961 2027 1033 2102 ope
1045 2002 1288 2077 studuerunt.

277 2119 435 2218 Siquid
464 2144 553 2192 vero
584 2118 710 2191 morbi
731 2120 904 2192 saevitiem
929 2118 1129 2219 mitigavit,
1157 2119 1286 2192 oleum
1395 2187 1396 2191 ,

277 2236 349 2312 luit
374 2263 419 2310 ex
449 2237 623 2310 dulcibus
646 2237 851 2336 amygdalis
877 2263 1009 2310 recens
1039 2233 1286 2336 expressum:

279 2379 359 2455 quo
393 2354 600 2427 identidem
632 2355 849 2427 utebantur.
889 2349 1042 2427 Verum
1069 2379 1158 2426 cum
1190 2367 1290 2452 ‘aeger

272 2481 479 2570 'nunquam
514 2471 670 2546 fortasse
699 2471 834 2546 meliu's
864 2497 976 2571 quam
1007 2470 1070 2544 die
1099 2472 1149 2544 ab
1179 2473 1291 2546 initio
1396 2543 1397 2555 ,

267 2577 407 2663 ‘morbi
438 2593 619 2690 vigesimo
657 2593 818 2690 septimo
851 2585 1027 2692 habuisse
1069 2587 1287 2679 videretur,
1397 2577 1398 2586 ἵ

280 2709 465 2799 insultus,
491 2711 558 2808 qu'i
574 2708 769 2781 nonnullis
791 2723 876 2780 ante
903 2706 1049 2780 ‘diebus'
1067 2703 1287 2795 abfuerant,

282 2851 328 2898 eo
343 2828 425 2926 ipso
441 2825 501 2898 die
511 2825 756 2898 vehementes
768 2815 862 2896 adeo
875 2821 1087 2914 redierunt,
1097 2840 1142 2896 ut
1151 2819 1289 2925 praetel'

283 2958 413 3016 eaetera
431 2969 513 3042 quae
528 2943 626 3015 dicta
641 2957 746 3032 sunt,
758 2933 894 3040 ¹exinde
909 2937 1142 3040 aegercibdm
1161 2941 1291 3040 quenl·

283 3081 447 3158 cumque
479 3063 641 3134 aversari
682 3061 870 3158 coeperit,
911 3063 1105 3157 sumptum
1142 3060 1292 3162 vomitu

284 3175 445 3249 subinde
466 3179 643 3273 rejicere,
666 3194 703 3250 et
731 3178 899 3278 singultu
916 3175 1122 3264 vexari‚·et
1148 3173 1290 3250 fetente

283 3291 403 3364 halitu
420 3317 520 3383 esse,
537 3308 574 3367 et
592 3294 890 3392 quamvis-nulla
909 3317 1080 3395 unquam
1098 3308 1198 3365 esset
1216 3317 1295 3366 res·

282 3409 479 3510 pirationis
513 3407 735 3500 difficultas5
764 3425 876 3510 sputa
912 3433 1006 3508 saepe
1039 3410 1225 3500 crue‘iita,
1257 3425 1292 3482 et

282 3526 436 3625 putrida
451 3528 621 3602 reddere:
638 3528 723 3602 Hu'e
739 3509 980 3601 arcesserunl
994 3526 1151 3601 Sudores
1165 3523 1292 3627 algen·

283 3645 386 3718 tibus
412 3648 587 3720 extremis
607 3647 778 3744 corporis
798 3643 983 3746 partibus,
1013 3645 1054 3718 'et‘
1068 3643 1292 3718 'identidem

281 3763 508 3861 vaniloquia.
533 3765 603 3836 Per
622 3761 701 3835 haec
718 3762 833 3836 modo
859 3765 1053 3862 graviora,
1077 3762 1199 3834 modo
1222 3763 1291 3834 mi·

282 3881 380 3952 tiora
416 3879 463 3951 ad
496 3879 596 3954 diem
628 3879 754 3953 morbi
779 3895 936 3953 ventum
968 3894 1023 3954 est
1052 3881 1289 3977 trigesimum

281 4012 458 4096 quartum
469 4024 477 4068 :
487 4023 608 4098 eoque
622 3997 683 4072 die
693 3989 892 4099 postquam
904 4011 1080 4088 cruenta,
1093 3985 1286 4096 grumosa,¹
