2732 4654
93 439 167 486 sia.
186 395 750 500 1v„nnuoaa1scmnuuc.,efc.
769 439 881 488 arrsr.
899 441 971 488 cix.
1001 418 1068 493 831
1136 418 1138 424 ’

44 557 234 652 cepisset,
260 578 376 651 quem
405 566 558 640 contra,
586 553 716 626 scribit
752 555 1071 632 Redius'dalcem
1163 551 1165 556 ’

46 671 267 772 insipidam
284 696 433 744 veneno
450 671 503 742 illi
519 696 621 759 esse,
642 687 678 742 et
696 670 923 746 simillimam
938 681 1073 772 sapori

46 789 121 860 olei
140 789 445 886 amygdalarum
464 789 638 886 dulcium.
665 788 736 860 Sed
761 789 807 861 de
837 802 943 862 tanto
970 793 1070 862 inter

46 924 232 980 auctores
257 909 452 995 dissensu,
466 907 513 978 de
533 933 609 977 uno
628 907 840 1004 eodemque
859 934 1008 1014 veneno
1019 909 1073 980 lo-

45 1043 235 1124 quantes,
269 1053 357 1096 mox
388 1027 458 1096 erit
482 1027 618 1098 iterum
651 1025 803 1098 dicendi
824 1027 1070 1102 locusNunc

48 1146 142 1218 illud
160 1137 313 1244 cogita,
344 1169 436 1214 num
456 1169 501 1216 ex
520 1144 589 1216 ista
608 1145 688 1242 ipsa
700 1144 933 1217 dissensione
949 1146 1071 1216 homi-

49 1263 161 1336 nibus
182 1263 281 1334 addi
298 1265 416 1362 possit
438 1265 605 1361 animus,
631 1279 674 1335 ut
697 1265 869 1336 suctione
888 1279 1069 1354 utantur,

48 1385 262 1480 praesertim
294 1407 380 1453 cum
407 1381 609 1480 plerosque
636 1378 788 1456 videant
822 1386 889 1481 qni
920 1385 995 1456 sive
1024 1410 1071 1460 ex
1101 1461 1103 1472 ,

50 1502 274 1587 Veteribus
302 1489 376 1572 sive
407 1528 452 1574 ex
481 1503 772 1575 Recentioribus
797 1504 917 1600 ipsam
943 1503 1070 1578 lauda·

50 1635 153 1706 runt,
170 1637 262 1690 non
283 1621 350 1690 uni
369 1620 421 1692 illi
444 1619 521 1692 fere
536 1621 621 1720 plus
639 1620 775 1708 fidere,
792 1647 908 1719 quam
929 1622 1069 1694 auxilio

52 1737 151 1832 quod
175 1739 312 1811 minus
329 1737 501 1835 quidem,
537 1763 650 1834 quam
673 1741 750 1810 oris
776 1740 914 1828 suctio,
945 1741 1068 1814 statim

54 1855 88 1923 in
112 1835 302 1955 promptu
324 1871 395 1941 est,
431 1881 508 1927 non
536 1855 707 1928 dissimili
737 1867 885 1945 tamen,
911 1873 948 1929 et
968 1853 1070 1934 certe'
1143 1873 1144 1876 ’

54 1973 175 2046 minus
213 1967 509 2072 suspicionibus
526 1974 716 2058 obnoxio,
745 1974 1070 2048 cucurbitularum

56 2089 248 2180 videlicet,
265 2117 353 2163 nam
377 2107 464 2189 post
488 2092 711 2164 utrumlibet
739 2093 835 2182 alia,
858 2109 976 2192 atque
998 2094 1070 2168 alia

57 2209 219 2284 remedia
247 2211 455 2314 imperant;
475 2211 616 2283 indicio
634 2211 960 2300 manifestissima,
987 2237 1067 2285 non

60 2347 131 2396 esse
163 2329 286 2426 igitur
324 2331 581 2402 exsuctionem
612 2317 847 2429 praesidium?
860 2331 956 2402 illud
979 2349 1071 2428 'quo
1139 2358 1143 2372 ⁴

60 2464 205 2542 semper
220 2445 328 2518 credi
336 2447 465 2535 liceat,
481 2471 701 2520 venenume
717 2446 838 2520 fundo
852 2474 973 2548 usque
989 2474 1070 2546 per·

62 2565 203 2659 angusti
223 2565 466 2653 minusculi,
499 2566 577 2637 imo
592 2591 636 2637 ex
650 2564 901 2653 anfractibus,
917 2569 955 2636 in
974 2589 1072 2661 quos

62 2674 143 2749 inde
170 2683 407 2781 prorepsisse
429 2684 573 2754 interea
589 2698 731 2781 potest,
749 2681 1071 2755 adsitaecellulosaa

62 2797 304 2889 membranae,
323 2802 449 2873 aliisve
468 2799 643 2873 flexuosis
663 2801 804 2872 semitis
820 2800 1071 2898 totum'peni-

63 2923 117 2984 tus
138 2916 325 2990 eductum
342 2915 466 2990 fuisse.
495 2918 607 3008 Quod
629 2916 732 2989 etde
753 2919 893 3001 ceteris
914 2941 981 3002 seu
1002 2942 1073 3016 per

65 3031 270 3130 syphones,
289 3062 355 3109 seu
374 3061 442 3134 per
461 3036 675 3124 hirudineS,
689 3059 842 3146 seuper
856 3035 925 3106 alia
944 3036 1072 3134 quaeli-

62 3142 140 3237 bet,
166 3154 374 3252 exsugendi
393 3154 516 3226 modis
545 3149 688 3226 dictum
714 3147 857 3252 putato.
886 3159 1070 3227 Caeterum
1130 3213 1131 3216 ,

67 3269 163 3359 quod
179 3271 227 3344 de
248 3271 529 3346 efficacioribus
556 3271 780 3370 chirurgicis
800 3269 1002 3360 remediis,
1028 3289 1073 3346 ut

68 3378 396 3463 scarificationibus
414 3387 632 3490 profundis,
658 3391 874 3478 inustione,
898 3405 960 3461 aut
989 3413 1071 3459 amn

68 3505 255 3590 putatione
271 3507 387 3578 verba
406 3533 487 3579 non
507 3504 681 3592 fecerim,
707 3506 805 3578 hanc
827 3531 977 3592 causam
1002 3505 1070 3578 ha-

69 3609 171 3709 beto,
194 3625 300 3721 quod
313 3625 391 3698 haec
416 3624 586 3723 plerique
606 3650 626 3696 a
643 3625 772 3724 vipera
800 3626 865 3696 icti
893 3639 956 3696 aut
988 3649 1069 3698 non

73 3729 278 3830 admittant,
299 3743 391 3815 dum
414 3743 484 3816 sibi
500 3742 674 3815 eumdem
691 3769 805 3841 quem
823 3743 1072 3814 multisami-
1148 3761 1155 3824 ζ
1221 3770 1224 3776 ’

73 3845 151 3924 tiori
168 3863 362 3946 curatione
382 3859 496 3934 fuisse
513 3861 728 3935 audiverint
740 3888 749 3950 ;
761 3860 909 3934 felicem
928 3861 1070 3934 exitum

74 3967 289 4067 pollicentur
315 3996 380 4054 aut
405 3981 519 4054 nimis
549 4005 634 4054 sero
664 3979 818 4054 tandem
847 3979 1043 4082 postulent
1058 4005 1069 4070 ;
