<?xml version="1.0" encoding="UTF-8"?>
<!DOCTYPE html PUBLIC "-//W3C//DTD XHTML 1.0 Transitional//EN"
    "http://www.w3.org/TR/xhtml1/DTD/xhtml1-transitional.dtd">
<html xmlns="http://www.w3.org/1999/xhtml" xml:lang="en" lang="en">
 <head>
  <title>
</title>
<meta http-equiv="Content-Type" content="text/html;charset=utf-8" />
  <meta name='ocr-system' content='tesseract 3.04.00' />
  <meta name='ocr-capabilities' content='ocr_page ocr_carea ocr_par ocr_line ocrx_word'/>
</head>
<body>
  <div class='ocr_page' id='page_1' title='image "./desedibusetcaus02adelgoog_0348.png"; bbox 0 0 2732 4654; ppageno 0'>
   <div class='ocr_carea' id='block_1_1' title="bbox 99 421 1042 511">
    <p class='ocr_par' dir='ltr' id='par_1_1' title="bbox 99 421 1042 511">
     <span class='ocr_line' id='line_1_1' title="bbox 99 421 1042 511; baseline -0.002 -12"><span class='ocrx_word' id='word_1_1' title='bbox 99 453 162 500; x_wconf 82' lang='lat' dir='ltr'><strong>mn.</strong></span> <span class='ocrx_word' id='word_1_2' title='bbox 178 451 226 498; x_wconf 79' lang='lat' dir='ltr'><strong>iv.</strong></span> <span class='ocrx_word' id='word_1_3' title='bbox 242 451 288 498; x_wconf 82' lang='lat' dir='ltr'><strong>nu</strong></span> <span class='ocrx_word' id='word_1_4' title='bbox 300 443 644 511; x_wconf 64' lang='lat' dir='ltr'><strong>nonntscnmuae„</strong></span> <span class='ocrx_word' id='word_1_5' title='bbox 658 435 727 496; x_wconf 88' lang='lat' dir='ltr'><strong>etc.</strong></span> <span class='ocrx_word' id='word_1_6' title='bbox 742 447 853 496; x_wconf 84' lang='lat' dir='ltr'><strong>nrrsr.</strong></span> <span class='ocrx_word' id='word_1_7' title='bbox 870 445 943 494; x_wconf 80' lang='lat' dir='ltr'><strong>mx.</strong></span> <span class='ocrx_word' id='word_1_8' title='bbox 972 421 1042 497; x_wconf 77' lang='lat'><strong>353</strong></span> 
     </span>
    </p>
   </div>
   <div class='ocr_carea' id='block_1_2' title="bbox 30 559 1141 3478">
    <p class='ocr_par' dir='ltr' id='par_1_2' title="bbox 55 559 1076 1127">
     <span class='ocr_line' id='line_1_2' title="bbox 55 559 1048 660; baseline -0.004 -24"><span class='ocrx_word' id='word_1_9' title='bbox 55 565 171 638; x_wconf 82' lang='lat' dir='ltr'><strong>nenati</strong></span> <span class='ocrx_word' id='word_1_10' title='bbox 189 560 441 660; x_wconf 89' lang='lat' dir='ltr'><strong>quorumdam</strong></span> <span class='ocrx_word' id='word_1_11' title='bbox 462 559 681 632; x_wconf 87' lang='lat' dir='ltr'><strong>animalium</strong></span> <span class='ocrx_word' id='word_1_12' title='bbox 702 561 798 630; x_wconf 85' lang='lat' dir='ltr'><strong>ictus</strong></span> <span class='ocrx_word' id='word_1_13' title='bbox 815 559 885 630; x_wconf 89' lang='lat' dir='ltr'><strong>alia</strong></span> <span class='ocrx_word' id='word_1_14' title='bbox 913 561 967 632; x_wconf 86' lang='lat' dir='ltr'><strong>vis</strong></span> <span class='ocrx_word' id='word_1_15' title='bbox 992 573 1048 634; x_wconf 91' lang='lat' dir='ltr'><strong>est</strong></span> 
     </span>
     <span class='ocr_line' id='line_1_3' title="bbox 55 675 1049 775; baseline 0 -25"><span class='ocrx_word' id='word_1_16' title='bbox 55 683 90 752; x_wconf 90' lang='lat' dir='ltr'><strong>in</strong></span> <span class='ocrx_word' id='word_1_17' title='bbox 104 681 179 752; x_wconf 90' lang='lat' dir='ltr'><strong>aliis</strong></span> <span class='ocrx_word' id='word_1_18' title='bbox 195 695 260 752; x_wconf 87' lang='lat' dir='ltr'><strong>aut</strong></span> <span class='ocrx_word' id='word_1_19' title='bbox 277 680 411 775; x_wconf 85' lang='lat' dir='ltr'><strong>magis,</strong></span> <span class='ocrx_word' id='word_1_20' title='bbox 429 691 493 750; x_wconf 91' lang='lat' dir='ltr'><strong>aut</strong></span> <span class='ocrx_word' id='word_1_21' title='bbox 512 675 638 748; x_wconf 90' lang='lat' dir='ltr'><strong>minus</strong></span> <span class='ocrx_word' id='word_1_22' title='bbox 658 675 786 748; x_wconf 85' lang='lat' dir='ltr'>calidis</span> <span class='ocrx_word' id='word_1_23' title='bbox 797 677 898 748; x_wconf 91' lang='lat' dir='ltr'><strong>locis.</strong></span> <span class='ocrx_word' id='word_1_24' title='bbox 917 677 976 748; x_wconf 90' lang='lat' dir='ltr'><strong>Sic</strong></span> <span class='ocrx_word' id='word_1_25' title='bbox 993 692 1049 750; x_wconf 86' lang='lat' dir='ltr'><strong>ta-</strong></span> 
     </span>
     <span class='ocr_line' id='line_1_4' title="bbox 55 787 1049 893; baseline -0.002 -25"><span class='ocrx_word' id='word_1_26' title='bbox 55 797 214 885; x_wconf 89' lang='lat' dir='ltr'><strong>rantula,</strong></span> <span class='ocrx_word' id='word_1_27' title='bbox 247 787 372 893; x_wconf 88' lang='lat' dir='ltr'><strong>inquit</strong></span> <span class='ocrx_word' id='word_1_28' title='bbox 396 793 670 892; x_wconf 44' lang='lat' dir='ltr'><strong>Baglivus2(1),</strong></span> <span class='ocrx_word' id='word_1_29' title='bbox 700 795 920 884; x_wconf 61' lang='lat' dir='ltr'><strong>venenifera</strong></span> <span class='ocrx_word' id='word_1_30' title='bbox 950 793 1049 866; x_wconf 84' lang='lat' dir='ltr'><strong>dun-</strong></span> 
     </span>
     <span class='ocr_line' id='line_1_5' title="bbox 57 905 1049 1010; baseline -0.004 -25"><span class='ocrx_word' id='word_1_31' title='bbox 57 929 160 985; x_wconf 80' lang='lat' dir='ltr'><strong>taxat</strong></span> <span class='ocrx_word' id='word_1_32' title='bbox 185 919 306 985; x_wconf 83' lang='lat' dir='ltr'><strong>estin</strong></span> <span class='ocrx_word' id='word_1_33' title='bbox 330 905 496 1010; x_wconf 78' lang='lat' dir='ltr'><em>Apulia,</em></span> <span class='ocrx_word' id='word_1_34' title='bbox 526 925 563 986; x_wconf 85' lang='lat' dir='ltr'><strong>et</strong></span> <span class='ocrx_word' id='word_1_35' title='bbox 592 917 808 1010; x_wconf 71' lang='lat' dir='ltr'><strong>pransurum⁴</strong></span> <span class='ocrx_word' id='word_1_36' title='bbox 830 934 1049 1008; x_wconf 81' lang='lat' dir='ltr'><strong>camporum</strong></span> 
     </span>
     <span class='ocr_line' id='line_1_6' title="bbox 55 1026 1076 1127; baseline -0.002 -27"><span class='ocrx_word' id='word_1_37' title='bbox 55 1028 190 1116; x_wconf 62' lang='lat' dir='ltr'><strong>incolas</strong></span> <span class='ocrx_word' id='word_1_38' title='bbox 220 1055 311 1100; x_wconf 85' lang='lat' dir='ltr'><strong>nam</strong></span> <span class='ocrx_word' id='word_1_39' title='bbox 328 1053 414 1127; x_wconf 74' lang='lat' dir='ltr'><strong>quae</strong></span> <span class='ocrx_word' id='word_1_40' title='bbox 432 1033 471 1098; x_wconf 84' lang='lat' dir='ltr'><strong>in</strong></span> <span class='ocrx_word' id='word_1_41' title='bbox 486 1029 670 1099; x_wconf 81' lang='lat' dir='ltr'><strong>montibus</strong></span> <span class='ocrx_word' id='word_1_42' title='bbox 682 1026 840 1126; x_wconf 69' lang='lat' dir='ltr'><strong>Apuliae</strong></span> <span class='ocrx_word' id='word_1_43' title='bbox 852 1031 983 1102; x_wconf 81' lang='lat' dir='ltr'><strong>vicinis</strong></span> <span class='ocrx_word' id='word_1_44' title='bbox 995 1052 1050 1098; x_wconf 83' lang='lat' dir='ltr'><strong>re·</strong></span> <span class='ocrx_word' id='word_1_45' title='bbox 1072 1052 1076 1060; x_wconf 86' lang='lat'><strong>·</strong></span> 
     </span>
    </p>

    <p class='ocr_par' dir='ltr' id='par_1_3' title="bbox 30 1121 1141 3478">
     <span class='ocr_line' id='line_1_7' title="bbox 52 1121 1129 1244; baseline -0.002 -26"><span class='ocrx_word' id='word_1_46' title='bbox 52 1153 207 1244; x_wconf 84' lang='lat' dir='ltr'><strong>peritur,</strong></span> <span class='ocrx_word' id='word_1_47' title='bbox 227 1147 294 1220; x_wconf 84' lang='lat' dir='ltr'><strong>vel</strong></span> <span class='ocrx_word' id='word_1_48' title='bbox 301 1143 425 1235; x_wconf 63' lang='lat' dir='ltr'><strong>nullm</strong></span> <span class='ocrx_word' id='word_1_49' title='bbox 443 1144 509 1217; x_wconf 82' lang='lat' dir='ltr'><strong>uel</strong></span> <span class='ocrx_word' id='word_1_50' title='bbox 524 1168 601 1216; x_wconf 87' lang='lat' dir='ltr'><strong>non</strong></span> <span class='ocrx_word' id='word_1_51' title='bbox 617 1149 830 1242; x_wconf 78' lang='lat' dir='ltr'><strong>pernicioso</strong></span> <span class='ocrx_word' id='word_1_52' title='bbox 846 1142 971 1243; x_wconf 78' lang='lat' dir='ltr'><strong>pollet</strong></span> <span class='ocrx_word' id='word_1_53' title='bbox 981 1168 1049 1218; x_wconf 81' lang='lat' dir='ltr'><strong>ve·</strong></span> <span class='ocrx_word' id='word_1_54' title='bbox 1125 1121 1129 1138; x_wconf 57' lang='lat'><strong>,</strong></span> 
     </span>
     <span class='ocr_line' id='line_1_8' title="bbox 30 1249 1048 1361; baseline 0 -27"><span class='ocrx_word' id='word_1_55' title='bbox 30 1249 32 1256; x_wconf 40' lang='lat'><strong>⁴</strong></span> <span class='ocrx_word' id='word_1_56' title='bbox 55 1289 155 1354; x_wconf 84' lang='lat' dir='ltr'><strong>neno,</strong></span> <span class='ocrx_word' id='word_1_57' title='bbox 185 1279 368 1361; x_wconf 89' lang='lat' dir='ltr'><strong>tantoque</strong></span> <span class='ocrx_word' id='word_1_58' title='bbox 390 1263 516 1334; x_wconf 88' lang='lat' dir='ltr'><strong>minus</strong></span> <span class='ocrx_word' id='word_1_59' title='bbox 540 1259 601 1332; x_wconf 88' lang='lat' dir='ltr'><strong>vel</strong></span> <span class='ocrx_word' id='word_1_60' title='bbox 621 1277 847 1359; x_wconf 70' lang='lat' dir='ltr'><strong>campestres</strong></span> <span class='ocrx_word' id='word_1_61' title='bbox 864 1261 934 1332; x_wconf 84' lang='lat' dir='ltr'><strong>illae</strong></span> <span class='ocrx_word' id='word_1_62' title='bbox 957 1261 1048 1334; x_wconf 86' lang='lat' dir='ltr'><strong>alias</strong></span> 
     </span>
     <span class='ocr_line' id='line_1_9' title="bbox 55 1379 1093 1482; baseline -0.001 -32"><span class='ocrx_word' id='word_1_63' title='bbox 55 1383 86 1451; x_wconf 90' lang='lat' dir='ltr'><strong>in</strong></span> <span class='ocrx_word' id='word_1_64' title='bbox 103 1383 209 1454; x_wconf 87' lang='lat' dir='ltr'><strong>Italiae</strong></span> <span class='ocrx_word' id='word_1_65' title='bbox 229 1383 404 1482; x_wconf 82' lang='lat' dir='ltr'>regiones</span> <span class='ocrx_word' id='word_1_66' title='bbox 423 1379 628 1469; x_wconf 79' lang='lat' dir='ltr'><strong>translatae,</strong></span> <span class='ocrx_word' id='word_1_67' title='bbox 651 1396 694 1451; x_wconf 84' lang='lat' dir='ltr'><strong>ut</strong></span> <span class='ocrx_word' id='word_1_68' title='bbox 722 1379 914 1477; x_wconf 85' lang='lat' dir='ltr'><strong>proposita</strong></span> <span class='ocrx_word' id='word_1_69' title='bbox 935 1380 1047 1454; x_wconf 88' lang='lat' dir='ltr'><strong>etiam</strong></span> <span class='ocrx_word' id='word_1_70' title='bbox 1090 1415 1093 1432; x_wconf 91' lang='lat'>·</span> 
     </span>
     <span class='ocr_line' id='line_1_10' title="bbox 55 1497 1096 1600; baseline 0 -30"><span class='ocrx_word' id='word_1_71' title='bbox 55 1497 198 1572; x_wconf 86' lang='lat' dir='ltr'><strong>historia</strong></span> <span class='ocrx_word' id='word_1_72' title='bbox 210 1499 268 1599; x_wconf 80' lang='lat' dir='ltr'><strong>(a)</strong></span> <span class='ocrx_word' id='word_1_73' title='bbox 290 1497 501 1572; x_wconf 79' lang='lat' dir='ltr'><strong>confirmat.</strong></span> <span class='ocrx_word' id='word_1_74' title='bbox 529 1500 615 1572; x_wconf 83' lang='lat' dir='ltr'><strong>Non</strong></span> <span class='ocrx_word' id='word_1_75' title='bbox 637 1511 691 1570; x_wconf 89' lang='lat' dir='ltr'><strong>est</strong></span> <span class='ocrx_word' id='word_1_76' title='bbox 717 1512 818 1570; x_wconf 86' lang='lat' dir='ltr'><strong>certe</strong></span> <span class='ocrx_word' id='word_1_77' title='bbox 846 1497 947 1595; x_wconf 89' lang='lat' dir='ltr'><strong>apud</strong></span> <span class='ocrx_word' id='word_1_78' title='bbox 976 1521 1048 1570; x_wconf 87' lang='lat' dir='ltr'><strong>nos</strong></span> <span class='ocrx_word' id='word_1_79' title='bbox 1090 1575 1096 1600; x_wconf 44' lang='grc' dir='ltr'><strong><em>Ι</em></strong></span> 
     </span>
     <span class='ocr_line' id='line_1_11' title="bbox 54 1613 1048 1713; baseline 0 -27"><span class='ocrx_word' id='word_1_80' title='bbox 54 1617 227 1712; x_wconf 83' lang='lat' dir='ltr'><strong>ejusmodi</strong></span> <span class='ocrx_word' id='word_1_81' title='bbox 244 1632 364 1704; x_wconf 87' lang='lat' dir='ltr'><strong>terra,</strong></span> <span class='ocrx_word' id='word_1_82' title='bbox 380 1615 531 1713; x_wconf 88' lang='lat' dir='ltr'><strong>qualem</strong></span> <span class='ocrx_word' id='word_1_83' title='bbox 547 1614 650 1713; x_wconf 91' lang='lat' dir='ltr'><strong>apud</strong></span> <span class='ocrx_word' id='word_1_84' title='bbox 666 1614 854 1688; x_wconf 87' lang='lat' dir='ltr'><strong>Hibernos</strong></span> <span class='ocrx_word' id='word_1_85' title='bbox 871 1639 951 1687; x_wconf 90' lang='lat' dir='ltr'><strong>esse</strong></span> <span class='ocrx_word' id='word_1_86' title='bbox 970 1613 1048 1686; x_wconf 91' lang='lat' dir='ltr'><strong>ani-</strong></span> 
     </span>
     <span class='ocr_line' id='line_1_12' title="bbox 55 1731 1048 1830; baseline 0.002 -30"><span class='ocrx_word' id='word_1_87' title='bbox 55 1732 241 1811; x_wconf 89' lang='lat' dir='ltr'><strong>madvertit</strong></span> <span class='ocrx_word' id='word_1_88' title='bbox 271 1731 522 1806; x_wconf 86' lang='lat' dir='ltr'><strong>Lombardius</strong></span> <span class='ocrx_word' id='word_1_89' title='bbox 536 1731 610 1828; x_wconf 84' lang='lat'><strong>(3),</strong></span> <span class='ocrx_word' id='word_1_90' title='bbox 635 1755 681 1803; x_wconf 81' lang='lat' dir='ltr'><strong>ex</strong></span> <span class='ocrx_word' id='word_1_91' title='bbox 702 1753 751 1804; x_wconf 79' lang='lat' dir='ltr'><strong>‘ea</strong></span> <span class='ocrx_word' id='word_1_92' title='bbox 770 1755 918 1802; x_wconf 90' lang='lat' dir='ltr'><strong>causam</strong></span> <span class='ocrx_word' id='word_1_93' title='bbox 938 1755 1048 1830; x_wconf 84' lang='lat' dir='ltr'><strong>repe-</strong></span> 
     </span>
     <span class='ocr_line' id='line_1_13' title="bbox 55 1846 1048 1947; baseline 0 -27"><span class='ocrx_word' id='word_1_94' title='bbox 55 1862 143 1940; x_wconf 88' lang='lat' dir='ltr'><strong>tens,</strong></span> <span class='ocrx_word' id='word_1_95' title='bbox 154 1875 222 1922; x_wconf 91' lang='lat' dir='ltr'><strong>cur</strong></span> <span class='ocrx_word' id='word_1_96' title='bbox 236 1875 362 1947; x_wconf 89' lang='lat' dir='ltr'><strong>neque</strong></span> <span class='ocrx_word' id='word_1_97' title='bbox 374 1848 435 1921; x_wconf 88' lang='lat' dir='ltr'><strong>ibi</strong></span> <span class='ocrx_word' id='word_1_98' title='bbox 451 1849 528 1920; x_wconf 90' lang='lat' dir='ltr'><strong>ulla</strong></span> <span class='ocrx_word' id='word_1_99' title='bbox 544 1846 671 1922; x_wconf 86' lang='lat' dir='ltr'><strong>videre</strong></span> <span class='ocrx_word' id='word_1_100' title='bbox 688 1846 862 1918; x_wconf 88' lang='lat' dir='ltr'><strong>animalia</strong></span> <span class='ocrx_word' id='word_1_101' title='bbox 881 1850 1048 1946; x_wconf 85' lang='lat' dir='ltr'><strong>potuerit</strong></span> 
     </span>
     <span class='ocr_line' id='line_1_14' title="bbox 55 1960 1141 2064; baseline 0 -26"><span class='ocrx_word' id='word_1_102' title='bbox 55 1992 125 2064; x_wconf 88' lang='lat' dir='ltr'><strong>quae</strong></span> <span class='ocrx_word' id='word_1_103' title='bbox 142 1965 308 2040; x_wconf 85' lang='lat' dir='ltr'><strong>venefica</strong></span> <span class='ocrx_word' id='word_1_104' title='bbox 332 1982 477 2055; x_wconf 85' lang='lat' dir='ltr'><strong>esseut,</strong></span> <span class='ocrx_word' id='word_1_105' title='bbox 504 1980 542 2039; x_wconf 89' lang='lat' dir='ltr'><strong>et</strong></span> <span class='ocrx_word' id='word_1_106' title='bbox 555 1980 654 2063; x_wconf 72' lang='lat' dir='ltr'><strong>‘quae</strong></span> <span class='ocrx_word' id='word_1_107' title='bbox 680 1989 726 2036; x_wconf 83' lang='lat' dir='ltr'><strong>ex</strong></span> <span class='ocrx_word' id='word_1_108' title='bbox 752 1963 810 2036; x_wconf 89' lang='lat' dir='ltr'><strong>his</strong></span> <span class='ocrx_word' id='word_1_109' title='bbox 838 1965 938 2038; x_wconf 86' lang='lat' dir='ltr'><strong>varia</strong></span> <span class='ocrx_word' id='word_1_110' title='bbox 954 1964 1047 2038; x_wconf 84' lang='lat' dir='ltr'><strong>illuc</strong></span> <span class='ocrx_word' id='word_1_111' title='bbox 1138 1960 1141 1965; x_wconf 74' lang='grc'><strong>’</strong></span> 
     </span>
     <span class='ocr_line' id='line_1_15' title="bbox 55 2081 1046 2182; baseline -0.002 -26"><span class='ocrx_word' id='word_1_112' title='bbox 55 2085 213 2168; x_wconf 88' lang='lat' dir='ltr'><strong>attulerat</strong></span> <span class='ocrx_word' id='word_1_113' title='bbox 230 2109 279 2156; x_wconf 84' lang='lat' dir='ltr'><strong>ex</strong></span> <span class='ocrx_word' id='word_1_114' title='bbox 303 2085 458 2182; x_wconf 79' lang='lat' dir='ltr'><strong>Anglia,</strong></span> <span class='ocrx_word' id='word_1_115' title='bbox 481 2081 558 2158; x_wconf 86' lang='lat' dir='ltr'><strong>fere</strong></span> <span class='ocrx_word' id='word_1_116' title='bbox 579 2083 703 2156; x_wconf 88' lang='lat' dir='ltr'><strong>statim</strong></span> <span class='ocrx_word' id='word_1_117' title='bbox 724 2106 767 2153; x_wconf 91' lang='lat' dir='ltr'><strong>ac</strong></span> <span class='ocrx_word' id='word_1_118' title='bbox 790 2082 829 2153; x_wconf 92' lang='lat' dir='ltr'><strong>in</strong></span> <span class='ocrx_word' id='word_1_119' title='bbox 859 2082 1046 2154; x_wconf 81' lang='lat' dir='ltr'><strong>Hiberniae</strong></span> 
     </span>
     <span class='ocr_line' id='line_1_16' title="bbox 55 2179 1047 2290; baseline 0.002 -18"><span class='ocrx_word' id='word_1_120' title='bbox 55 2201 164 2274; x_wconf 88' lang='lat' dir='ltr'><strong>solum</strong></span> <span class='ocrx_word' id='word_1_121' title='bbox 196 2202 396 2290; x_wconf 87' lang='lat' dir='ltr'><strong>emiserat,</strong></span> <span class='ocrx_word' id='word_1_122' title='bbox 419 2201 519 2274; x_wconf 90' lang='lat' dir='ltr'><strong>mori</strong></span> <span class='ocrx_word' id='word_1_123' title='bbox 544 2179 671 2273; x_wconf 83' lang='lat' dir='ltr'><strong>omnia</strong></span> <span class='ocrx_word' id='word_1_124' title='bbox 703 2219 890 2289; x_wconf 77' lang='lat' dir='ltr'><strong>cerneret,</strong></span> <span class='ocrx_word' id='word_1_125' title='bbox 919 2199 1047 2274; x_wconf 84' lang='lat' dir='ltr'><strong>inflata</strong></span> 
     </span>
     <span class='ocr_line' id='line_1_17' title="bbox 54 2316 1044 2418; baseline 0.004 -31"><span class='ocrx_word' id='word_1_126' title='bbox 54 2317 240 2418; x_wconf 86' lang='lat' dir='ltr'><strong>pleraque,</strong></span> <span class='ocrx_word' id='word_1_127' title='bbox 260 2334 298 2392; x_wconf 93' lang='lat' dir='ltr'><strong>et</strong></span> <span class='ocrx_word' id='word_1_128' title='bbox 319 2318 511 2391; x_wconf 72' lang='lat' dir='ltr'><strong>convulsa.</strong></span> <span class='ocrx_word' id='word_1_129' title='bbox 541 2322 589 2391; x_wconf 85' lang='lat' dir='ltr'><strong>At</strong></span> <span class='ocrx_word' id='word_1_130' title='bbox 614 2319 644 2404; x_wconf 79' lang='lat' dir='ltr'><strong>si</strong></span> <span class='ocrx_word' id='word_1_131' title='bbox 675 2333 800 2392; x_wconf 90' lang='lat' dir='ltr'><strong>tamen</strong></span> <span class='ocrx_word' id='word_1_132' title='bbox 833 2316 1044 2416; x_wconf 87' lang='lat' dir='ltr'>aspidibus,</span> 
     </span>
     <span class='ocr_line' id='line_1_18' title="bbox 54 2417 1046 2535; baseline 0.003 -30"><span class='ocrx_word' id='word_1_133' title='bbox 54 2458 92 2505; x_wconf 80' lang='lat' dir='ltr'><strong>en</strong></span> <span class='ocrx_word' id='word_1_134' title='bbox 108 2433 227 2521; x_wconf 75' lang='lat' dir='ltr'><strong>Africa</strong></span> <span class='ocrx_word' id='word_1_135' title='bbox 243 2435 322 2508; x_wconf 79' lang='lat' dir='ltr'><strong>lnu&#39;c</strong></span> <span class='ocrx_word' id='word_1_136' title='bbox 347 2437 583 2533; x_wconf 85' lang='lat' dir='ltr'><strong>importatis,</strong></span> <span class='ocrx_word' id='word_1_137' title='bbox 613 2435 708 2508; x_wconf 90' lang='lat' dir='ltr'><strong>illud</strong></span> <span class='ocrx_word' id='word_1_138' title='bbox 734 2435 914 2508; x_wconf 79' lang='lat' dir='ltr'><strong>duntaxat</strong></span> <span class='ocrx_word' id='word_1_139' title='bbox 939 2417 1046 2535; x_wconf 75' lang='lat' dir='ltr'><strong>quiid</strong></span> 
     </span>
     <span class='ocr_line' id='line_1_19' title="bbox 54 2549 1044 2652; baseline 0.002 -30"><span class='ocrx_word' id='word_1_140' title='bbox 54 2555 255 2644; x_wconf 88' lang='lat' dir='ltr'><strong>tarantulis,</strong></span> <span class='ocrx_word' id='word_1_141' title='bbox 277 2578 323 2626; x_wconf 85' lang='lat' dir='ltr'><strong>ex</strong></span> <span class='ocrx_word' id='word_1_142' title='bbox 340 2553 475 2652; x_wconf 83' lang='lat' dir='ltr'><strong>Apulia</strong></span> <span class='ocrx_word' id='word_1_143' title='bbox 499 2549 573 2624; x_wconf 86' lang='lat' dir='ltr'><strong>alio</strong></span> <span class='ocrx_word' id='word_1_144' title='bbox 587 2554 797 2644; x_wconf 84' lang='lat' dir='ltr'><strong>translatis,</strong></span> <span class='ocrx_word' id='word_1_145' title='bbox 825 2552 922 2626; x_wconf 87' lang='lat' dir='ltr'><strong>forte</strong></span> <span class='ocrx_word' id='word_1_146' title='bbox 945 2553 1044 2624; x_wconf 83' lang='lat' dir='ltr'><strong>aeci-</strong></span> 
     </span>
     <span class='ocr_line' id='line_1_20' title="bbox 53 2667 1043 2768; baseline 0.003 -31"><span class='ocrx_word' id='word_1_147' title='bbox 53 2667 174 2762; x_wconf 89' lang='lat' dir='ltr'><strong>disset;</strong></span> <span class='ocrx_word' id='word_1_148' title='bbox 192 2691 327 2744; x_wconf 68' lang='lat' dir='ltr'><strong>&#39;nonne</strong></span> <span class='ocrx_word' id='word_1_149' title='bbox 353 2692 416 2744; x_wconf 83' lang='lat' dir='ltr'><strong>me</strong></span> <span class='ocrx_word' id='word_1_150' title='bbox 432 2694 515 2742; x_wconf 87' lang='lat' dir='ltr'><strong>mea</strong></span> <span class='ocrx_word' id='word_1_151' title='bbox 533 2667 749 2747; x_wconf 81' lang='lat' dir='ltr'><strong>fefellissent</strong></span> <span class='ocrx_word' id='word_1_152' title='bbox 767 2669 1043 2768; x_wconf 80' lang='lat' dir='ltr'><strong>experimenta?</strong></span> 
     </span>
     <span class='ocr_line' id='line_1_21' title="bbox 52 2787 1085 2889; baseline -0.002 -29"><span class='ocrx_word' id='word_1_153' title='bbox 52 2789 133 2860; x_wconf 86' lang='lat' dir='ltr'><strong>Cum</strong></span> <span class='ocrx_word' id='word_1_154' title='bbox 154 2790 269 2889; x_wconf 86' lang='lat' dir='ltr'><strong>igitur</strong></span> <span class='ocrx_word' id='word_1_155' title='bbox 294 2788 399 2861; x_wconf 87' lang='lat' dir='ltr'><strong>nulla</strong></span> <span class='ocrx_word' id='word_1_156' title='bbox 422 2803 519 2863; x_wconf 86' lang='lat' dir='ltr'><strong>esset</strong></span> <span class='ocrx_word' id='word_1_157' title='bbox 535 2787 755 2886; x_wconf 87' lang='lat' dir='ltr'><strong>experiendi</strong></span> <span class='ocrx_word' id='word_1_158' title='bbox 786 2788 865 2861; x_wconf 88' lang='lat' dir='ltr'><strong>sine</strong></span> <span class='ocrx_word' id='word_1_159' title='bbox 893 2787 1044 2858; x_wconf 80' lang='lat' dir='ltr'><strong>dubita·</strong></span> <span class='ocrx_word' id='word_1_160' title='bbox 1083 2805 1085 2810; x_wconf 88' lang='grc'><em>·</em></span> 
     </span>
     <span class='ocr_line' id='line_1_22' title="bbox 51 2896 1044 2996; baseline 0 -22"><span class='ocrx_word' id='word_1_161' title='bbox 51 2896 144 2978; x_wconf 85' lang='lat' dir='ltr'><strong>tione</strong></span> <span class='ocrx_word' id='word_1_162' title='bbox 162 2905 336 2994; x_wconf 82' lang='lat' dir='ltr'><strong>facultas,</strong></span> <span class='ocrx_word' id='word_1_163' title='bbox 357 2931 445 2996; x_wconf 89' lang='lat' dir='ltr'><strong>nec,</strong></span> <span class='ocrx_word' id='word_1_164' title='bbox 462 2907 493 2980; x_wconf 89' lang='lat' dir='ltr'><strong>si</strong></span> <span class='ocrx_word' id='word_1_165' title='bbox 520 2903 673 2996; x_wconf 90' lang='lat' dir='ltr'><strong>fuisset,</strong></span> <span class='ocrx_word' id='word_1_166' title='bbox 699 2909 883 2978; x_wconf 89' lang='lat' dir='ltr'><strong>continuo</strong></span> <span class='ocrx_word' id='word_1_167' title='bbox 909 2905 1044 2976; x_wconf 84' lang='lat' dir='ltr'><strong>rescri-</strong></span> 
     </span>
     <span class='ocr_line' id='line_1_23' title="bbox 51 3018 1043 3114; baseline 0.007 -21"><span class='ocrx_word' id='word_1_168' title='bbox 51 3018 154 3096; x_wconf 89' lang='lat' dir='ltr'><strong>bendi</strong></span> <span class='ocrx_word' id='word_1_169' title='bbox 172 3024 358 3114; x_wconf 89' lang='lat' dir='ltr'><strong>officium,</strong></span> <span class='ocrx_word' id='word_1_170' title='bbox 377 3050 408 3098; x_wconf 57' lang='lat' dir='ltr'><strong>ax</strong></span> <span class='ocrx_word' id='word_1_171' title='bbox 422 3049 482 3098; x_wconf 92' lang='lat' dir='ltr'><strong>me</strong></span> <span class='ocrx_word' id='word_1_172' title='bbox 510 3049 589 3098; x_wconf 92' lang='lat' dir='ltr'><strong>non</strong></span> <span class='ocrx_word' id='word_1_173' title='bbox 626 3047 703 3096; x_wconf 89' lang='lat' dir='ltr'><strong>uua</strong></span> <span class='ocrx_word' id='word_1_174' title='bbox 725 3022 772 3098; x_wconf 92' lang='lat' dir='ltr'><strong>de</strong></span> <span class='ocrx_word' id='word_1_175' title='bbox 798 3047 910 3096; x_wconf 88' lang='lat' dir='ltr'><strong>causa</strong></span> <span class='ocrx_word' id='word_1_176' title='bbox 938 3023 1043 3102; x_wconf 84' lang='lat' dir='ltr'><strong>debi-</strong></span> 
     </span>
     <span class='ocr_line' id='line_1_24' title="bbox 52 3140 1044 3241; baseline 0.004 -31"><span class='ocrx_word' id='word_1_177' title='bbox 52 3152 141 3231; x_wconf 86' lang='lat' dir='ltr'><strong>tum,</strong></span> <span class='ocrx_word' id='word_1_178' title='bbox 154 3140 317 3222; x_wconf 84' lang='lat' dir='ltr'><strong>faciendi</strong></span> <span class='ocrx_word' id='word_1_179' title='bbox 332 3143 489 3241; x_wconf 87' lang='lat' dir='ltr'><strong>periculi</strong></span> <span class='ocrx_word' id='word_1_180' title='bbox 508 3143 669 3240; x_wconf 89' lang='lat' dir='ltr'><strong>spatium</strong></span> <span class='ocrx_word' id='word_1_181' title='bbox 686 3140 811 3232; x_wconf 73' lang='lat' dir='ltr'><strong>daret,</strong></span> <span class='ocrx_word' id='word_1_182' title='bbox 837 3140 930 3238; x_wconf 89' lang='lat' dir='ltr'><strong>quid</strong></span> <span class='ocrx_word' id='word_1_183' title='bbox 950 3142 1044 3216; x_wconf 91' lang='lat' dir='ltr'><strong>mihi</strong></span> 
     </span>
     <span class='ocr_line' id='line_1_25' title="bbox 52 3256 1043 3358; baseline 0.006 -32"><span class='ocrx_word' id='word_1_184' title='bbox 52 3274 120 3330; x_wconf 86' lang='lat' dir='ltr'><strong>erat</strong></span> <span class='ocrx_word' id='word_1_185' title='bbox 132 3259 347 3358; x_wconf 87' lang='lat' dir='ltr'><strong>reliquum,</strong></span> <span class='ocrx_word' id='word_1_186' title='bbox 365 3256 438 3333; x_wconf 89' lang='lat' dir='ltr'><strong>nisi</strong></span> <span class='ocrx_word' id='word_1_187' title='bbox 455 3276 497 3333; x_wconf 90' lang='lat' dir='ltr'><strong>ut</strong></span> <span class='ocrx_word' id='word_1_188' title='bbox 511 3283 642 3336; x_wconf 87' lang='lat' dir='ltr'><strong>eorum</strong></span> <span class='ocrx_word' id='word_1_189' title='bbox 657 3260 882 3334; x_wconf 88' lang='lat' dir='ltr'><strong>testimoniis</strong></span> <span class='ocrx_word' id='word_1_190' title='bbox 897 3275 1043 3351; x_wconf 89' lang='lat' dir='ltr'><strong>uterer,</strong></span> 
     </span>
     <span class='ocr_line' id='line_1_26' title="bbox 52 3375 1044 3478; baseline 0.005 -32"><span class='ocrx_word' id='word_1_191' title='bbox 52 3375 110 3469; x_wconf 92' lang='lat' dir='ltr'><strong>qui</strong></span> <span class='ocrx_word' id='word_1_192' title='bbox 147 3402 347 3452; x_wconf 89' lang='lat' dir='ltr'><strong>morsuum</strong></span> <span class='ocrx_word' id='word_1_193' title='bbox 386 3379 526 3478; x_wconf 86' lang='lat' dir='ltr'><strong>aspidis</strong></span> <span class='ocrx_word' id='word_1_194' title='bbox 566 3378 722 3454; x_wconf 86' lang='lat' dir='ltr'><strong>effectus</strong></span> <span class='ocrx_word' id='word_1_195' title='bbox 759 3394 826 3452; x_wconf 88' lang='lat' dir='ltr'><strong>aut</strong></span> <span class='ocrx_word' id='word_1_196' title='bbox 863 3377 1044 3460; x_wconf 80' lang='lat' dir='ltr'><strong>vidissent</strong></span> 
     </span>
    </p>
   </div>
   <div class='ocr_carea' id='block_1_3' title="bbox 851 4091 897 4167">
    <p class='ocr_par' dir='ltr' id='par_1_4' title="bbox 851 4091 897 4167">
     <span class='ocr_line' id='line_1_27' title="bbox 851 4091 897 4167; baseline 0 0"><span class='ocrx_word' id='word_1_197' title='bbox 851 4091 897 4167; x_wconf 76' lang='lat'><strong>23</strong></span> 
     </span>
    </p>
   </div>
   <div class='ocr_carea' id='block_1_4' title="bbox 0 0 1370 4654">
    <p class='ocr_par' dir='ltr' id='par_1_5' title="bbox 0 0 1370 4654">
     <span class='ocr_line' id='line_1_28' title="bbox 0 0 1370 4654; baseline 0 1"><span class='ocrx_word' id='word_1_198' title='bbox 0 0 1370 4654; x_wconf 95' lang='lat' dir='ltr'><strong> </strong></span> 
     </span>
    </p>
   </div>
  </div>
 </body>
</html>
