2700 4660
247 425 315 498 262
410 447 457 494 ur
483 445 629 496 sumnus
654 447 698 492 rr
724 403 1083 494 ctus1s'uoncoauu

242 563 405 640 humore
423 586 462 634 es
487 557 734 664 reficiendus:
758 574 795 630 et
814 559 997 630 continuo
1021 558 1185 657 petitum
1210 583 1258 630 ex

242 683 417 779 proximo
427 703 606 776 magnum
622 678 766 750 vaccini
780 677 885 749 lactis
901 677 1077 774 cyathum
1092 675 1257 774 praebui.

244 801 329 888 Quo
351 813 487 897 ep0t0,
515 797 638 866 statim
664 821 685 866 a
708 821 768 866 me
795 796 908 866 vitam
929 793 999 866 sibi
1019 819 1097 868 esse
1121 793 1257 866 reddi-

246 931 320 988 tam
335 913 517 985 clamavit.
542 917 588 984 Et
614 910 785 1010 profecto
815 913 973 984 meliora
1009 913 1137 984 omnia
1154 909 1257 984 facta

246 1048 355 1121 sunt,
375 1047 416 1102 ut
437 1031 568 1128 pulsus
586 1046 671 1102 ante
704 1030 796 1102 duas
819 1030 933 1102 horas
961 1028 1008 1100 ad
1033 1025 1255 1101 'naturalem

209 1137 215 1146 ¹
246 1147 568 1246 magnitudinem,
593 1164 629 1219 et
652 1145 772 1220 robur
795 1147 967 1234 redierit,
998 1172 1165 1244 angor
1138 1147 1256 1216 remi-

248 1266 353 1353 serit,
362 1267 545 1350 vomitum
560 1291 607 1336 ne
624 1279 703 1336 arte
717 1239 874 1362 qmdem
889 1263 1156 1363 provocanda,
1172 1287 1255 1334 am·

132 1467 133 1472 ἵ
201 1383 203 1394 ’
244 1383 344 1481 plius
373 1407 544 1454 reversus
569 1383 625 1454 sit.
647 1387 760 1454 Lacte
781 1397 906 1454 autem
934 1385 1096 1470 iterum,
1119 1381 1254 1478 majori

247 1523 360 1596 quam
393 1517 503 1574 antea
537 1502 644 1599 copia
670 1499 780 1590 dat0,
806 1516 848 1574 ut
878 1502 936 1574 vel
960 1525 1048 1586 ore,
1071 1502 1101 1574 si
1127 1523 1187 1572 res
1200 1501 1255 1569 ita

223 1691 225 1694 ,
246 1614 377 1702 ferret,
395 1619 631 1714 rejiceretur,
646 1619 705 1690 vel
718 1619 894 1690 intestina
909 1617 1125 1715 perliniret,
1137 1630 1253 1713 atquc

246 1733 452 1832 peniteret,
467 1734 541 1807 hoc
560 1735 720 1808 alterum
741 1751 968 1808 consecutus
982 1759 1066 1815 sum
1087 1733 1173 1841 aluo
1191 1757 1250 1804 so·

169 1883 170 1890 ¹
242 1852 343 1940 luta,
358 1852 546 1950 simulque
562 1853 674 1950 pulsu
695 1853 1019 1950 minusfreqnenti
1034 1849 1154 1938 lacto,
1174 1851 1248 1947 spi·

188 2049 189 2054 1
246 1969 356 2040 randi
388 1971 519 2042 autem
538 1969 758 2042 difficultate
788 1957 824 2042 et
860 1969 1055 2070 singultu,
1088 1991 1251 2066 quorum

246 2103 454 2185 utrumque
466 2087 543 2184 jam
563 2090 684 2160 rarius
698 2087 914 2192 accidebat,
940 2087 1112 2174 sublatis,
1131 2101 1174 2157 ut
1193 2087 1249 2156 vix
1292 2177 1303 2190 ·

249 2203 382 2274 diebus
425 2205 729 2302 insequentibus,
766 2205 884 2277 semel
916 2219 980 2276 aut
1017 2208 1154 2274 iterum
1182 2204 1251 2274 sint

248 2321 523 2394 animadversa.-
534 2306 674 2394 Pnlles
710 2347 866 2422 quoque
912 2347 957 2394 ex
991 2321 1160 2410 hordeO,
1194 2333 1251 2392 aut

247 2463 387 2535 oryza
372 2463 457 2512 cum
479 2441 573 2532 lacte
599 2441 841 2540 parabantur.
877 2441 957 2512 Seri
986 2454 1113 2512 autem
1107 2463 1252 2538 quan

246 2569 326 2624 tum
346 2557 458 2630 vellet
469 2557 680 2631 bibendum
697 2557 879 2648 dabatur,
906 2581 1069 2654 namque
1086 2571 1128 2628 ut
1145 2557 1247 2628 alvus

170 2695 176 2708 ²
245 2671 407 2763 fluebat,
426 2677 504 2747 sitis
528 2692 565 2748 et
600 2693 709 2750 astus
734 2675 1030 2762 invalescebant,
1061 2699 1146 2774 quae
1178 2675 1252 2745 duo
1348 2767 1349 2770 Ἴ

247 2793 349 2889 epoti
364 2794 436 2864 seri
454 2775 737 2902 copialevabat.
758 2797 890 2867 Sarum
909 2818 1090 2890 qnoque,
1112 2807 1181 2864 aut
1198 2791 1251 2863 lac

23 2896 25 2900 ¹
136 2915 141 2920 “
243 2909 427 3005 injectum
446 2909 591 2982 ardoris
613 2935 765 2984 sensum
786 2937 863 3009 quo
888 2909 1060 2997 laborare
1087 2921 1251 3008 caeperat

245 3025 390 3124 podex,
402 3026 599 3100 mulcebat.
618 3032 674 3100 Ne
691 3026 1007 3126 longumfaciam3
1022 3027 1122 3098 intra
1140 3023 1250 3111 duos,

245 3159 367 3215 tresve
386 3138 465 3244 ¹,Des
479 3168 633 3241 prorsus
649 3144 779 3240 abacta
801 3159 909 3217 erant
930 3144 1058 3214 omma
1081 3167 1167 3240 quae
1194 3167 1252 3214 vc·

245 3276 427 3334 uenatum
446 3261 554 3335 illum
566 3241 758 3362 pulverem
780 3279 982 3336 consecuta
995 3260 1169 3348 fuerant,
1186 3282 1252 3332 nec

248 3377 374 3475 quoad
390 3376 507 3450 homo
521 3381 632 3468 vixit,
650 3377 725 3452 vixi
735 3394 873 3452 tautam
895 3392 1023 3476 postea
1041 3377 1253 3474 complures

247 3517 389 3584 annos,
409 3495 527 3581 ullum
548 3521 655 3568 noxae
669 3497 709 3566 in
727 3495 956 3582 ventricul0,
977 3507 1042 3566 aut
1068 3493 1252 3565 intestinis

246 3611 384 3694 relictae
402 3614 612 3710 vestigium·
607 3611 791 3697 ¹astendit
804 3614 862 3684 Sic
879 3610 1010 3730 viscidi
1032 3607 1192 3706 quibus,
1213 3623 1250 3680 ut

250 3727 343 3815 dixi,
367 3729 620 3842 abundabat,
643 3727 845 3818 humores,
878 3693 915 3801 el
941 3730 1034 3816 cita,
1063 3750 1107 3798 ac
1125 3728 1252 3824 saepius

248 3848 408 3943 repetita
427 3847 601 3934 comitia,
617 3862 654 3918 et
666 3847 722 3917 lac
735 3844 922 3944 denique,
937 3869 981 3916 ac
998 3868 1141 3932 serum,
1162 3865 1250 3940 qun-

247 3986 333 4034 rum
351 3965 458 4062 copia
476 3962 661 4061 quidquid
678 3965 836 4055 veneni,
861 3977 927 4039 aut
946 3963 1027 4061 ejus
1051 3949 1248 4036 effectuum
