2732 4654
89 449 730 528 univ.uunoumsumuno.,etc·
749 458 850 513 misr
875 461 947 516 mx.
975 441 1045 542 337

40 581 142 654 etde
165 580 291 652 tribus
314 572 575 648 Parisiensium
604 579 772 676 ipsorum
794 581 925 678 pullis,
953 583 1049 653 illud

43 698 189 770 tardius
215 696 335 767 multo
348 695 454 794 quod
468 682 702 766 secuudum:
724 723 941 796 quanquam
963 697 1053 771 cum

45 818 105 888 ille
121 837 280 914 prorsus
298 813 464 903 siluerit,
481 813 611 886 eadem
635 837 768 886 omnes
795 817 980 888 columbo·
1001 843 1049 890 an

46 935 115 1004 ulia
131 949 241 1031 parte
263 933 431 1029 corporis
457 933 625 1002 sauciam
651 935 741 1020 siut,
761 933 802 1004 hi
828 957 918 1006 vero
942 952 1052 1008 antea

48 1051 238 1138 dixerint,
264 1071 517 1153 nouomueS,
534 1048 598 1120 sed
620 1052 883 1138 fermeomnes
902 1057 941 1122 in
968 1056 1053 1150 qui·
1086 1059 1087 1064 ’

50 1167 118 1240 bus
165 1165 378 1266 periculum
406 1163 600 1251 fecerunt,
632 1165 758 1262 pullos
784 1170 912 1238 eadem
948 1185 1054 1268 parte

52 1286 160 1366 fluisse
175 1307 326 1356 morsos
341 1308 351 1370 3
372 1283 549 1354 accedere
567 1282 645 1352 aliae
663 1307 779 1356 causae
793 1300 953 1382 possunt
970 1286 1056 1384 qui·

53 1405 120 1478 hus
141 1405 255 1474 istam
272 1403 312 1472 iu
331 1399 528 1470 moriendo
548 1400 693 1470 ordinis
719 1403 966 1474 m'utariouem
991 1406 1057 1476 tri·
1132 1453 1154 1495 .·

54 1521 222 1595 buamus„
254 1523 403 1591 Morsus
421 1517 520 1588 euim
550 1517 625 1588 illic
648 1534 824 1616 exceptus
858 1519 923 1592 ubi
949 1521 1058 1618 plura
1109 1541 1112 1548 ·

57 1641 143 1723 sint,
161 1637 411 1719 eierassiora,
428 1649 492 1704 aut
513 1657 717 1730 perpauca,
735 1649 772 1706 et
788 1637 961 1710 tenuiora
980 1637 1075 1710 sani

58 1755 196 1855 guisern
218 1777 306 1828 vasa
330 1767 393 1824 eut
411 1753 539 1838 nervi,
562 1754 825 1848 perniciosior,
850 1771 914 1824 aut
940 1756 1058 1828 levior

59 1898 134 1946 esse
149 1872 247 1944 adeo
268 1883 413 1967 potest,
429 1884 470 1939 ut
488 1871 569 1966 ipso
588 1885 767 1968 prompto
779 1923 799 1965 ,.
812 1886 849 1942 et
870 1875 1059 1946 concitato
1126 1881 1128 1888 ’

62 1992 166 2061 multi
191 1987 388 2086 sanguinis
407 1983 548 2056 effluxu
571 2009 760 2056 venenum
790 1988 900 2058 simui
929 1989 1060 2062 eadem

63 2109 115 2178 uia
133 2109 345 2203 rejiciatur,
363 2118 404 2174 ut
418 2101 468 2173 ab
483 2102 976 2198 Redio(1)animadversum
990 2123 1060 2180 est:

64 2249 141 2320 quae
155 2224 313 2319 rejectio
328 2246 376 2292 an
395 2218 490 2332 forte
504 2221 628 2318 aliqua
643 2245 688 2291 ex
703 2236 808 2318 parte
824 2226 1061 2322 contingeret

67 2363 144 2412 sero
162 2367 182 2412 e
199 2339 424 2412 vulneribus
443 2337 640 2426 effluente,
665 2340 744 2435 ipse
766 2339 966 2438 cogitabis3
990 2347 1062 2415 seri
1102 2397 1107 2402 .
1130 2371 1133 2378 ·

68 2460 160 2528 euim
179 2477 310 2556 parem
337 2453 515 2526 effluxum
536 2457 757 2528 Parisieuses
782 2473 920 2554 negant
950 2483 989 2530 se
1013 2463 1065 2530 vi·

69 2574 158 2646 disse
175 2576 215 2646 iu
237 2576 283 2646 iis
300 2597 382 2670 quae
399 2574 612 2670 perierunt,
633 2573 878 2661 animalibus,
899 2599 942 2644 ac
964 2578 1005 2646 in
1020 2578 1065 2650 iis

70 2691 248 2764 viderunt·
258 2715 339 2789 quae
353 2705 439 2761 sunt
450 2705 603 2761 servata.

112 2809 168 2880 33.
190 2808 312 2878 Facile
332 2807 392 2877 hic
413 2829 572 2904 quaeres,
587 2827 655 2902 per
674 2825 787 2876 venas
804 2828 868 2894 ne,
893 2821 935 2878 ut
956 2807 1069 2905 pleri·

74 2949 141 3020 que
178 2939 403 3012 autumant,-
434 2948 483 2993 an
513 2945 581 3020 per
616 2945 772 3009 nervos,
805 2935 849 2994 ut
878 2923 922 2992 cl.
962 2927 1066 2996 Mea-

75 3041 153 3114 dius
168 3041 225 3140 (α)
240 3057 381 3128 censet,
404 3042 540 3137 viperae
557 3061 764 3126 venenum,
784 3053 849 3110 aut
866 3040 975 3111 noxia
989 3044 1068 3138 ejus

78 3160 173 3230 visin
192 3159 364 3256 corporis
382 3160 512 3228 intima
533 3153 750 3226 deducatur.
768 3159 863 3228 Cum
881 3159 1015 3255 primis
1029 3175 1073 3236 ut

80 3279 224 3366 sentias,
241 3291 376 3374 praeter
391 3290 541 3362 crotera,
559 3272 714 3344 fortasse
733 3273 827 3344 illud
843 3289 879 3344 te
904 3273 1072 3350 movebit

82 3395 371 3492 experimentum
394 3391 498 3490 quod
523 3393 562 3462 in
587 3390 836 3489 Sepulchreto
851 3390 909 3491 (3)
930 3415 1074 3490 propo·

85 3512 197 3598 nitur,
216 3513 316 3583 utin
337 3509 492 3594 canibus
512 3534 590 3580 non
615 3505 730 3578 semel
749 3506 943 3598 habitum,
971 3509 1076 3582 vide·-

99 3679 1081 3711 *mmm

123 3790 166 3870 (ι)
183 3797 263 3852 Leti.
279 3797 329 3854 cit.
431 3793 434 3797 '
464 3819 503 3854 :a

123 3892 165 3970 (α)
185 3899 268 3952 Tent.
288 3916 313 3968 1,
331 3894 402 3978 cit.¹
513 3933 532 3948 i.

127 3991 155 4067 (3
188 3997 286 4053 Schol.
300 4015 335 4067 π,
354 3991 504 4093 suprarik'

157 3995 168 4071 )

162 4115 194 4188 7.
