2858 4656
111 439 1016 516 usunrsnnrnmsm'rrr.summouerrsrtnxv.
1044 427 1121 516 553·

110 573 292 646 ictericns
307 567 460 644 tandem
473 593 543 668 per
563 566 759 644 intervella
773 565 856 640 fieri
872 568 995 666 coepit.
1012 571 1124 642 Mor*¹

40 761 43 768 ,
109 687 154 760 hi
171 703 466 762 tameuoausam
485 683 651 760 ostendit
673 683 839 778 sanctim
862 683 994 770 dolore
1013 686 1114 760 enim

109 831 134 877 a
151 803 365 878 ventriculo
393 801 572 908 paulatim
592 799 815 877 umbilicum
838 820 985 897 versus,
1009 801 1117 892 iude·

110 947 189 1022 que
199 920 248 992 ad
264 920 378 1020 pubis
395 920 588 1018 regionem
609 917 954 1009 descendente,ubi
970 919 1117 1018 aliquot

112 1037 281 1112 substitit
298 1035 394 1128 dies,
418 1035 583 1134 denique
606 1036 833 1134 corporibus
849 1035 1006 1131 dejectis·
1019 1036 1114 1111 duo·
1144 1079 1155 1097 =

108 1141 187 1230 bus
204 1179 284 1228 non
296 1155 445 1253 parvis,
468 1152 516 1226 ad
542 1151 631 1226 cubi
647 1151 806 1252 figuram
832 1152 1115 1244 accedentibus,

109 1274 299 1346 cruciatus
325 1273 448 1345 omnis
464 1287 545 1344 tum
562 1269 780 1359 ventriculi,
809 1285 890 1362 tum
910 1270 1110 1368 jecinoris,
1220 1283 1222 1288 '

108 1415 200 1464 nam
221 1380 259 1463 et
276 1389 356 1464 hoc
376 1386 549 1476 dolebat,
576 1403 658 1459 tum
684 1387 947 1460 intestinorum
956 1389 1113 1463 ‘solutus

111 1521 181 1581 est.
194 1511 371 1580 =Erantea
386 1525 548 1604 corpora
565 1501 746 1592 subflava,
762 1527 808 1575 ex
819 1507 942 1576 stratis
957 1523 1114 1604 compo·

109 1623 204 1713 sita,
242 1622 422 1696 nucleum
462 1619 819 1719 complectentibuS,
854 1635 892 1694 et
924 1619 1131 1695 flammam·

111 1739 439 1838 concipientibus,
466 1751 509 1811 ut
534 1739 707 1836 spectatis
736 1735 933 1827 omnibns,
955 1739 1115 1837 cysticos

107 1865 191 1946 este
214 1857 378 1952 calculos
403 1879 482 1938 non
500 1853 701 1928 dubitares.
731 1853 828 1932 Vide
842 1852 985 1945 a'utem,
998 1881 1114 1954 quru-

107 1994 194 2050 turn
216 1974 409 2050 incudem
428 1972 565 2046 morbo
584 1974 696 2046 variis
715 1974 758 2052 in
791 1973 1015 2072 corporibus
1039 1974 1115 2046 dis-

107 2095 257 2168 crimen
273 2094 340 2180 sit,
354 2095 412 2165 Fr.
434 2091 535 2166 Slare
561 2089 617 2188 (r)
638 2089 807 2170 nobilem
832 2087 1029 2179 feminam,
1047 2090 1116 2164 he·

104 2212 241 2310 peticis
258 2208 454 2286 doloribus
475 2207 582 2281 valde
602 2194 825 2296 cruciatam,
853 2207 1115 2286 animaduertit
1234 2249 1236 2254 ,

101 2334 233 2400 statim
261 2343 374 2426 atque
390 2325 490 2400 duos
508 2308 668 2428 cystidos
690 2325 853 2400 calculos
873 2325 1041 2424 repetitis
1056 2327 1129 2396 vi»

105 2445 218 2518 cibus
236 2444 276 2516 iu
303 2441 525 2520 duodenum
556 2443 778 2529 intestinum
800 2443 976 2540 ejecerat,
995 2443 1113 2514 maxi-

102 2587 214 2654 mum
234 2561 393 2636 sensisse
411 2561 582 2637 levamen
593 2588 603 2651 3
616 2561 704 2634 illos
720 2575 846 2662 autem
863 2567 934 2632 vix
945 2585 1018 2658 per
1042 2559 1112 2630 ali·

101 2694 201 2780 quot
222 2679 392 2752 heresin
420 2692 499 2750 tota
520 2679 787 2751 intestinorum
809 2677 868 2756 via
889 2677 1113 2774 perstitisse,

102 2821 194 2870 cum
212 2797 284 2894 ipsi
310 2819 466 2894 quoque
485 2777 565 2868 non
583 2809 706 2869 essent
725 2795 856 2893 parri3
890 2793 983 2866 alter
1009 2794 1111 2866 enirn

101 2913 292 2988 ambitum
308 2913 497 2988 crassioris
515 2910 716 3010 superabat
728 2911 856 3010 digiti,
875 2911 969 2984 alter
985 2925 1116 2996 auteur

102 3045 185 3106 erat
195 3032 372 3120 tenuior,
387 3055 458 3102 nec
471 3045 598 3102 tamen
619 3027 750 3102 multo.
767 3031 824 3103 De
839 3027 1113 3126 ejusdemmodi

100 3163 233 3222 autem
255 3146 406 3222 calculis
414 3147 478 3222 illa
495 3171 651 3245 quoque
661 3145 733 3219 tibi·
747 3145 906 3246 legenda
921 3161 1012 3230 sunt
1028 3167 1113 3244 qure

100 3265 433 3366 praestantissimus
450 3266 598 3364 scripsit
620 3263 763 3341 Ellerus
779 3262 850 3362 (s),
869 3264 977 3362 cujus
998 3265 1112 3362 expli-

99 3385 292 3458 cationem
314 3383 518 3483 praesertim
538 3397 703 3471 nature,
725 3397 763 3456 et
779 3381 935 3480 originis
957 3381 1038 3476 ejus
1057 3380 1111 3452 le-v

98 3501 202 3600 pidis
228 3501 296 3597 qui
321 3523 390 3600 per
411 3497 623 3576 abscessum
654 3497 937 3598 hypochondrii
968 3495 1111 3570 dexteri

139 3780 185 3862 (r)
206 3781 438 3858 respiremus
452 3779 831 3861 asigism.ttonig.insuo
846 3776 1006 3856 Lithogen.
1025 3780 1109 3836 hum.

98 3883 231 3960 specim.
629 3945 639 3959 .

136 3980 186 4061 (s)
204 3981 280 4042 Hier.
296 3981 334 4042 de
345 3981 457 4044 lucau.
470 4001 535 4061 roy.
551 3982 602 4041 des
614 3983 662 4043 Se.
674 3979 712 4042 de
721 3977 840 4051 berlin,
854 3995 903 4038 sn.
920 3975 1006 4048 1755.
