2824 4652
300 423 370 522 578
430 439 434 451 ’
462 443 509 494 us
534 441 681 492 sumnus
705 441 750 490 nr
775 439 899 491 musis
924 441 1137 492 nonnosum

298 585 425 660 reque
442 559 524 656 ejus
537 555 751 630 substantie
762 555 903 647 simile,
917 571 962 630 ut
973 581 1018 630 ex
1031 582 1079 630 ea
1098 563 1311 637 excrevisse
1408 553 1409 576 ³

298 705 379 752 non
390 676 594 750 dubitares,

348 823 381 897 7.
403 799 514 869 Nunc
530 793 561 865 si
577 805 753 890 quartam
769 790 869 864 hane
880 805 919 866 et
936 805 1013 864 tres
1031 815 1128 890 quas
1135 796 1310 894 antea(r)

299 913 483 1012 indicavi,
500 933 603 984 meas
622 911 882 982 excrescentia
897 908 1012 1008 hujus
1030 909 1310 1012 descriptiones

300 1055 389 1106 eum
403 1031 484 1128 ejus
495 1025 636 1115 nvulae,
655 1026 703 1099 de
722 1049 798 1124 qua
816 1027 1031 1125 loquimur,
1050 1026 1310 1130 descriptione

300 1135 574 1250 comparaveris
595 1171 605 1234 ;
638 1143 806 1244 proclive
846 1144 917 1218 tibi
961 1146 1031 1218 erit
1071 1151 1310 1246 perspicere,

298 1267 430 1341 eadem
445 1289 506 1338 me
520 1261 673 1367 uidisse,
695 1264 770 1334 sive
789 1285 968 1361 parvum,
987 1265 1063 1337 sive
1083 1266 1219 1361 majus
1236 1269 1309 1364 jam

298 1371 438 1456 factum
460 1395 539 1453 erat
554 1379 594 1454 id
614 1380 892 1480 corpusculum.
913 1384 991 1454 Cur
1007 1405 1100 1480 ergo
1136 1385 1170 1455 si
1195 1387 1310 1456 omni·

297 1502 371 1576 bus
388 1499 547 1587 esset,in
565 1497 664 1586 aliis,
677 1499 885 1572 innumeris
901 1497 1212 1598 propemodum,
1235 1527 1310 1574 non

298 1619 493 1706 vidissem,
525 1635 689 1714 quorum
715 1613 856 1686 eadem
873 1614 957 1687 loca
986 1617 1091 1714 pari,
1111 1633 1161 1690 ut
1185 1620 1307 1708 soleo,

299 1737 506 1815 attentione
533 1732 580 1804 ad
595 1731 635 1803 id
661 1753 783 1830 usque
811 1748 962 1832 tempus
983 1735 1317 1833 inspectaveram,

299 1855 387 1928 satis
401 1851 548 1950 assequi
563 1851 642 1922 non
668 1872 835 1950 possum.
855 1856 904 1923 At
921 1853 1045 1942 enim,
1060 1853 1225 1952 inquies
1236 1853 1310 1926 for·
1402 1932 1406 1947 ,

299 1987 419 2061 tasse,
435 1969 522 2042 vide
548 1991 598 2040 ne
616 1969 800 2041 memoria
823 1983 861 2041 te
880 1966 1001 2060 fallat3
1020 1994 1066 2042 ex
1099 1974 1181 2044 tuis
1210 1975 1308 2046 enim

300 2091 448 2190 scriptis
463 2089 504 2159 in
518 2085 712 2160 nonnullis
725 2087 881 2186 quoque
906 2085 991 2160 eliis
1014 2090 1238 2162 meminisse
1254 2094 1307 2160 vi·
1402 2100 1407 2127 ¹

299 2209 415 2297 deor,
443 2223 479 2279 te
505 2205 617 2278 adea
641 2203 726 2276 loca
751 2203 1023 2282 excrescendas
1050 2209 1306 2306 conspexisse.

296 2331 374 2424 Ego
390 2347 481 2396 vero
499 2341 788 2420 conspexeram,
803 2337 885 2398 tum
909 2322 956 2394 ad
976 2347 1019 2397 ea
1045 2323 1151 2413 loca,
1167 2321 1252 2398 t'um
1270 2327 1307 2397 in

297 2446 343 2517 iis
364 2443 456 2542 ipsis
472 2441 582 2529 loeis,
605 2437 671 2514 sed
692 2463 771 2512 non
800 2439 988 2538 ejusmodi
996 2443 1306 2518 'excrescendas

297 2564 419 2654 Quam
432 2559 533 2632 enim
552 2561 591 2630 in
612 2553 783 2632 Cortinio
803 2559 858 2657 (α)
878 2559 1079 2659 descripsi,
1097 2561 1146 2633 ad
1169 2587 1214 2634 ea
1225 2565 1309 2662 qui-

297 2679 384 2752 dem
400 2678 502 2767 loca,
515 2676 581 2750 sed
598 2675 646 2749 ad
664 2677 760 2750 latus
779 2691 879 2764 erat,
898 2701 1025 2777 neque
1050 2699 1097 2751 ex
1112 2692 1306 2778 prostam,

296 2795 361 2870 sed
375 2797 563 2902 exvesicae
582 2790 799 2882 substantia.
833 2799 955 2888 Quam
982 2819 1075 2870 vero
1100 2797 1305 2872 duodecim

294 2913 502 3013 postillam
522 2907 631 2986 annis
659 2935 680 2984 a
710 2935 772 2985 me
795 2915 911 2986 visam
941 2913 982 2984 in
1014 2930 1104 2988 sene
1135 2915 1304 3013 quodam

296 3029 484 3129 epistolal
508 3031 719 3104 anatomica
734 3027 793 3129 (3)
814 3031 1040 3121 memoravi,
1067 3031 1116 3104 ad
1139 3034 1304 3107 uretbrae

295 3146 449 3246 quidem
464 3143 611 3218 initium
631 3149 682 3220 ita
700 3147 757 3220 uti
780 3149 911 3222 vesicae
928 3146 1117 3222 orificium
1136 3147 1216 3224 fere
1237 3151 1305 3226 ob
1410 3145 1411 3148 ¹

293 3277 456 3351 turaret,
472 3265 624 3334 inventa
634 3277 709 3354 est,
727 3263 793 3338 sed
819 3287 970 3355 carnea,
985 3265 1184 3365 inaequalis
1197 3323 1208 3360 ‚
1220 3267 1305 3342 flac·

293 3377 394 3470 sida,
418 3377 617 3454 subrubra.
647 3385 738 3473 Quae
758 3399 884 3456 nutem
901 3385 941 3456 in
958 3383 1128 3484 quodam
1145 3403 1304 3487 repente

328 3754 373 3835 (r)
391 3755 431 3814 N.
446 3753 487 3826 ὅ,
504 3755 537 3812 in
548 3753 601 3866 fin..

326 3873 370 3954 (a)
391 3875 487 3950 Epist.
503 3867 561 3948 Aa,
580 3893 610 3932 n.
629 3875 675 3934 13.
742 3917 743 3920 ,

331 3987 375 4072 (s)
396 3991 436 4050 rt.
459 3989 506 4057 ia.
