2700 4660
72 408 140 461 tn.
152 412 203 460 1v.
224 413 277 460 m.
293 400 719 475 noar1scnmuac.,etc.
737 379 849 462 artsr.
865 413 937 462 mx.
950 415 953 422 ’
965 390 1036 466 253

28 525 152 598 datum
178 549 403 613 venenum,
431 523 478 595 ab
510 522 579 594 hac
611 524 793 612 solutum,
824 528 899 600 vim
929 553 1034 603 suam

28 644 142 715 statim
163 644 206 713 in
218 666 363 714 nervos
380 646 616 713 exercuisset.
626 645 767 713 Verum
782 649 865 716 cant
879 645 1034 744 (1)eum

27 761 163 858 pariter
191 759 385 850 dedisset,
416 758 481 830 sed
512 759 615 828 inani
646 761 885 857 ventricu103
921 764 1033 863 hujus

25 877 191 949 villosam
221 879 395 949 tunicam
422 876 565 972 ubique
583 877 736 974 spiculis
755 881 892 951 veneni
910 884 1033 980 reple·

24 1009 110 1081 tam,
130 1019 267 1092 eoque
286 995 422 1096 partim
447 993 623 1082 rubram,
643 995 778 1092 partim
807 996 1031 1070 sublividum

25 1109 200 1201 offendit,
220 1129 270 1184 ut
286 1136 329 1184 os
339 1135 492 1209 quoque
512 1126 636 1182 totum
660 1111 769 1202 vidit,
794 1115 872 1185 imo
890 1120 1030 1202 ventri·

26 1228 161 1315 culum,
196 1229 455 1328 inprimisque
482 1225 668 1300 orificium
688 1229 768 1324 ejus
795 1253 1032 1328 supremum,

24 1343 123 1416 valde
143 1343 452 1433 inflammatum,
477 1345 651 1442 nigrum,
671 1361 709 1418 et
725 1370 1028 1452 gangraenosum,

27 1464 167 1534 tametsi
197 1464 335 1535 vivens
367 1445 492 1533 adhuc
519 1463 658 1533 animal
683 1465 801 1536 secuit
826 1483 1028 1565 postquam

29 1601 89 1674 per
105 1579 268 1670 horam,
286 1579 487 1677 etamplius
499 1601 656 1676 magnos
666 1582 844 1654 vomendi
854 1602 1026 1677 conatuS,

28 1720 104 1766 cum
138 1697 430 1797 inquietudine,
467 1712 504 1768 et
548 1697 760 1794 ejulatibus
784 1703 1026 1797 conjunctos„

28 1813 348 1887 animadverterat.
360 1819 404 1885 In
414 1815 518 1898 nulla
529 1815 644 1886 trium
657 1815 792 1886 harum
802 1815 1024 1910 bestiarum,
1044 1885 1048 1888 .

29 1931 53 1999 si
68 1931 232 2028 primam
250 1933 428 2030 excipias,
448 1933 669 2030 sanguinem
684 1933 723 2004 in
744 1933 859 2005 corde
874 1938 1025 2035 nigrum

31 2061 61 2116 et
75 2065 253 2122 coactum
268 2052 500 2122 memoravit.
522 2049 652 2122 Jacobi
667 2065 790 2122 autem
804 2051 959 2126 Foelicis
971 2056 1025 2153 (a)

31 2187 138 2237 unum
154 2166 276 2244 modo
296 2167 407 2240 video
427 2169 564 2240 intrusi
581 2167 748 2263 ejusdem
765 2171 902 2242 veneni
913 2196 1025 2271 expe·

32 2280 247 2372 timentum,
265 2285 330 2357 sed
349 2309 434 2356 cum
447 2287 529 2383 pari
542 2286 652 2380 simjul
662 2287 820 2358 arsenici
834 2287 1021 2384 pondere,
1031 2285 1034 2290 „

34 2397 89 2468 sed
106 2401 146 2472 in
165 2425 262 2474 cane
282 2423 396 2498 quem
413 2403 473 2471 vix
493 2402 539 2474 iis
556 2402 708 2476 intrusis
728 2401 787 2477 bis
807 2409 1023 2480 vomentem

34 2518 209 2590 continuo
228 2519 366 2606 secuit,
392 2533 429 2589 et
454 2532 580 2590 tamen
599 2517 862 2611 vehementem
882 2525 1024 2620 reperit
1044 2545 1049 2548 ’

34 2635 223 2713 ventriculi
254 2633 601 2716 inflammationem.
638 2638 759 2724 Quam
794 2635 833 2706 in
870 2637 1022 2714 alterius

36 2769 176 2847 quoque
193 2752 296 2823 canis
309 2750 366 2846 (3)
381 2750 609 2838 ventriculo,
629 2751 832 2848 praesertim
845 2753 1022 2849 pylorum

35 2883 171 2957 versus,
190 2867 554 2941 vehementissimam
575 2881 699 2940 autem
713 2867 752 2936 in
772 2869 952 2963 proximis
969 2872 1022 2942 in·

38 2985 167 3058 testinis
185 2983 456 3082 deprehendit,
474 2982 598 3057 sedeo
616 2984 812 3072 leviorem,
838 3009 916 3082 quo
932 3011 1022 3086 pro-

38 3098 109 3191 pius
124 3101 326 3178 accedebat
345 3099 545 3178 adorasse.
573 3105 683 3172 Hunc
707 3124 798 3172 vero
818 3124 949 3184 canem
967 3108 1023 3182 vis

38 3231 171 3291 ventem
187 3218 361 3318 quidem,
388 3217 461 3293 sed·
475 3242 554 3288 non
575 3217 646 3288 nisi
665 3232 868 3316 postquam
892 3225 1021 3300 novies
1086 3304 1087 3312 χ

39 3351 256 3423 evomuerat,
278 3334 427 3423 incidit,
444 3357 530 3412 cum
550 3349 685 3431 practer
697 3337 909 3408 arsenicum
925 3340 1034 3422 nihil=

39 3442 186 3526 dedisset
202 3450 307 3550 quod
320 3465 547 3522 venenatum
570 3465 676 3522 esset.
706 3453 789 3544 Quo
809 3451 856 3523 de
872 3475 1021 3530 veneno

41 3621 1028 3652 *Quam—numm

73 3747 111 3830 (ι)
128 3755 205 3828 Exp.
224 3753 271 3810 28.

72 3847 110 3930 (a)
128 3852 231 3910 Addit.
245 3851 285 3915 ad
298 3851 434 3925 dissert,
450 3850 502 3910 cit.
516 3869 583 3930 exp.
599 3867 644 3912 ιο.
700 3889 701 3900 1

74 3946 111 4029 (3)
129 3954 204 4029 En·
226 3971 256 4030 a·
