2824 4652
303 435 383 530 584
463 459 511 508 nr
534 455 751 525 summer
776 453 900 528 crusis
916 455 1137 526 moruorum
1177 519 1178 524 Ἰ

303 572 502 670 attollique
515 584 653 670 posset.
671 566 887 662 Quodvero
897 568 1023 666 potuit
1037 567 1167 657 multo
1180 562 1308 643 facilli·
1399 544 1400 579 ³

302 713 475 778 me‚non
494 711 573 766 uno
590 682 822 784 experiente,
833 699 879 758 et
895 683 1311 783 conspicientibusom·

303 805 438 880 nibus:
464 806 505 886 in
521 803 679 900 aliisque
704 817 835 900 postea
861 801 1020 875 canibus
1030 801 1142 891 ¹idem
1164 803 1308 900 pericu·

304 921 528 1006 lumeodem
544 917 795 1010 eximie-ctum
812 943 913 1007 esse,
942 920 1030 995 scio.
1050 924 1096 990 In
1119 944 1169 991 eo
1201 920 1310 1018 igitur

305 1065 397 1112 caue
414 1053 632 1138 postquam,
661 1036 701 1108 id
716 1035 822 1134 quod
837 1035 1037 1135 superlitis
1054 1033 1242 1146 feceram,
1265 1060 1308 1108 an

306 1157 503 1232 seminales
514 1154 686 1228 vesiculae
704 1178 784 1232 nou
798 1152 942 1244 desint,
958 1153 1047 1243 sed,
1068 1168 1114 1230 ut
1134 1153 1310 1234 nonnulli

305 1274 484 1346 ridentur
505 1270 678 1360 credere,
694 1272 768 1344 sint
780 1271 908 1345 minus
923 1273 1158 1370 conspicuae,
1176 1271 1310 1345 frustm
1401 1341 1402 1344 ,

306 1390 579 1489 ῳιωεὶνὶεεεπις
607 1386 745 1486 frustra
765 1389 907 1488 pariter
930 1390 1039 1468 istam
1053 1388 1218 1462 uvulam
1231 1413 1310 1488 per·

309 1508 456 1607 quisivi.
477 1510 616 1606 ¹Aperta
634 1505 735 1580 enim
754 1507 894 1595 vesica,
914 1521 952 1578 et
964 1505 1142 1596 urethra,
1158 1521 1208 1578 ut
1223 1504 1313 1580 nihil

308 1627 349 1702 iu
362 1626 484 1724 prima
503 1625 669 1723 eminere
686 1621 781 1712 vidi,
793 1621 975 1705 ,nisiduo
994 1622 1058 1704 illa
1079 1625 1221 1699 teretia
1235 1647 1312 1702 cor·

308 1763 404 1844 pom
420 1766 503 1840 quae
520 1739 567 1812 ab
584 1737 1102 1829 ureteribusdescendentia,
1129 1739 1182 1812 ad
1204 1764 1313 1838 angu-

310 1860 391 1936 lum
406 1857 574 1956 ¹denique
587 1859 690 1940 ¹inter
710 1881 749 1930 se
766 1855 937 1946 coibant,
963 1857 1015 1936 sic
1033 1853 1081 1928 ab
1104 1881 1158 1934 ¹eo
1176 1857 1314 1956 angulo

289 2035 294 2062 2
310 1976 407 2055 nihil
420 1975 468 2050 ad
480 1973 855 2072 carunculamusque,
864 1974 1081 2048 seminalem
1095 1977 1314 2073 prominere
1397 2030 1401 2045 .

313 2094 512 2192 conspexi,
532 2092 606 2164 nisi
626 2091 763 2172 lineam
781 2090 887 2164 illam
908 2092 949 2162 in
971 2115 1087 2189 quam
1106 2115 1149 2174 se
1170 2117 1218 2166 ea
1234 2117 1315 2170 cot·

312 2236 408 2313 pora
414 2209 696 2310 producebant,
706 2208 827 2292 multo
842 2209 935 2307 ipsis
948 2223 1029 2280 tum
1042 2209 1314 2308 angustiorem,

312 2345 396 2402 tum
412 2327 665 2400 humiliorem.
684 2325 804 2414 Nihil,
822 2326 995 2424 inquam,
1013 2340 1160 2400 exstare
1170 2327 1316 2416 inveni,

314 2469 441 2544 neque
462 2443 557 2518 illud
573 2445 613 2516 in
630 2444 753 2516 vesica
780 2467 860 2518 esse
889 2445 1103 2542 trigonum,
1135 2464 1182 2518 ut
1210 2445 1318 2518 video

315 2562 516 2662 appellari,
535 2561 582 2633 de
599 2586 680 2658 quo
696 2562 737 2631 in
753 2558 974 2642 hominibus
993 2561 1086 2660 quid
1102 2577 1244 2653 autea,
1261 2589 1318 2636 ne

316 2680 408 2766 dum
425 2693 572 2779 postea,
584 2677 878 2768 observaverim,
890 2695 927 2752 et
946 2678 1039 2777 quid
1056 2678 1319 2779 deipsomihi

317 2797 557 2874 sentiendum
585 2795 780 2886 uideatur,
802 2785 925 2920 deque
945 2795 1026 2877 aliis
1049 2797 1321 2894 ejusmodire·

298 2915 389 2990 bus
409 2915 589 3012 quoniam
606 2937 685 2986 nou
707 2929 763 2986 est
786 2912 849 2986 hic
874 2913 993 2986 multa
1015 2913 1171 2988 dicendi
1193 2917 1320 3006 locus,

318 3028 367 3100 ad
385 3030 538 3103 uvulem
551 3028 597 3102 de
617 3054 692 3128 qua
708 3039 861 3102 necesse
870 3029 987 3102 habui
1003 3030 1066 3104 hic
1090 3031 1322 3130 loqui‚,con·

319 3145 442 3218 testim
470 3147 678 3236 redeamus.
709 3151 782 3220 Pro
811 3147 990 3222 morbosa
1011 3150 1114 3225 enim
1148 3166 1323 3249 prostare
1404 3181 1405 3238 ἢ

299 3323 303 3353 :
321 3267 574 3338 excrescentia
591 3290 670 3336 non
687 3267 876 3338 immerito
899 3291 996 3340 ame
1015 3291 1095 3341 esse
1110 3286 1323 3370 acceptam,

322 3407 368 3456 ex
380 3380 425 3452 iis
438 3405 521 3479 quae
536 3383 575 3454 in
586 3380 805 3456 hominibus
819 3383 913 3465 mihi
925 3399 989 3468 aut
1006 3385 1237 3486 plerumque
1250 3415 1324 3460 non

314 3515 592 3597 occurrerunt,
607 3515 672 3574 aut
696 3490 972 3600 nonnunquam
1000 3521 1278 3595 occurrerunt,
1292 3520 1324 3578 te

324 3617 552 3694 intellexisse
575 3643 654 3690 non
679 3617 824 3692 dubito,

350 3757 352 3762 ·
378 3760 433 3806 11.
446 3739 578 3833 Neque
594 3735 701 3808 aliter
724 3735 771 3807 ab
789 3735 885 3826 aliis,
903 3751 941 3811 et
954 3701 1181 3812 nominatim
1199 3717 1324 3812 a'Val-

273 3887 276 3897 ·
329 3852 446 3942 salva,
468 3867 506 3926 et
524 3853 656 3926 Pohlio
680 3868 872 3953 acceptam
890 3851 1000 3928 fuisse
1015 3880 1060 3940 ex
1078 3857 1123 3930 iis
1136 3855 1326 3930 intellexe-
