2858 4658
146 455 213 507 rm
226 451 274 506 rr.
295 451 342 504 ma
357 449 494 504 nonme
510 447 706 520 omnnia,
723 441 798 504 etc'
811 449 923 504 misr.
938 451 994 504 rr.
1045 427 1092 507 ct

90 589 171 644 meu
195 572 255 643 die
272 572 456 668 septimo,
478 592 557 668 quo
573 566 739 668 primum
758 581 942 668 coeperat,
957 569 1096 669 jugiter

90 689 275 787 perstabat
298 715 308 776 3
347 688 544 786 pristinam
590 685 839 775 alacritatem,
873 706 1116 762 consuetum-

91 807 214 904 pulsus
228 805 351 876 robur
367 857 376 892 ‚
396 819 433 876 et
446 805 634 901 appetitus
645 805 812 917 vigorem
831 805 1038 894 retinebat,
1054 821 1098 878 ut

93 926 187 994 victu
209 924 278 1020 qui
304 921 569 994 adservandos
591 922 689 992 vires
722 921 869 992 homini
890 925 1099 1020 praesertim

92 1037 185 1112 haud
205 1041 258 1112 ita
278 1062 398 1139 pauca
415 1037 528 1109 edere
546 1039 678 1125 solito,
697 1063 777 1109 non
792 1042 917 1113 tenuis
942 1045 1100 1140 permitu

91 1156 257 1246 rebatur,
284 1156 450 1228 libenter
469 1171 651 1228 uteretur.
686 1157 777 1246 Quae
801 1177 888 1228 cum
915 1157 1099 1259 perlegis-

92 1296 183 1363 sem,
216 1294 289 1346 nec
324 1295 428 1372 spem
455 1273 565 1344 aliam
596 1274 783 1371 reliquam
813 1301 892 1348 esse
912 1279 1098 1377 intellige*-

92 1416 186 1482 rem,
209 1393 284 1466 nisi
309 1407 353 1463 ut
386 1391 475 1489 aegri
493 1395 569 1492 vita
591 1391 719 1487 quoad
750 1393 831 1488 ejus
850 1393 932 1466 fieri
950 1412 1097 1494 posset,

93 1509 226 1584 diutius
245 1509 524 1609 produceretur
536 1565 545 1597 ‚
557 1533 600 1580 ea
613 1512 796 1581 continuo
808 1515 1098 1612 rescripsi‚quae

95 1621 149 1700 hic
168 1648 420 1700 necessenon
446 1641 502 1698 est
524 1627 652 1698 omnia
671 1651 980 1702 commemorare.
1008 1633 1100 1704 Fuse
1147 1717 1150 1724 Ι

96 1746 186 1815 enim
207 1743 368 1842 quidde
387 1743 565 1841 praesidiis
584 1759 665 1814 tum
691 1769 775 1840 quoe
801 1745 1101 1837 adhibebantur,

95 1873 165 1932 tum
183 1885 267 1959 quae
285 1860 375 1932 addi
392 1875 546 1958 possent
562 1861 657 1930 mihi
678 1859 892 1950 videretur,
915 1866 1097 1962 ingenue,

96 1977 666 2076 utparest,etconsucvifacerc‚
687 1981 856 2076 exposui.
869 1985 913 2050 In
932 1981 1034 2053 hisce
1054 1985 1102 2053 al·

96 2097 174 2167 teris
195 2119 284 2168 cum
301 2119 385 2193 qum
410 2095 687 2194 improbarem,
712 2111 777 2166 aut
796 2115 968 2195 suspecta
983 2099 1100 2172 habe·-

96 2235 183 2303 rem,
203 2211 496 2312 significassem
520 2211 658 2286 diserte
681 2215 782 2286 inter
802 2231 933 2288 caetera
952 2218 1104 2290 laudavi

99 2355 176 2402 cum
202 2331 442 2429 Hildano(1)
470 2355 625 2404 succum
659 2332 934 2406 lumbricorum
964 2347 1102 2410 terres·

96 2449 199 2522 trium
211 2451 327 2538 ita‚ut
337 2449 848 2546 Wierussolebat,paratum‚
868 2457 1100 2543 exterius‚ut

96 2569 346 2640 exsiccationis
360 2566 574 2639 tardaretur
595 2589 834 2665 progressus,
860 2573 957 2667 parti
971 2572 1098 2643 adhuc

97 2705 182 2756 sanae
203 2684 477 2757 adhibendum.
498 2690 576 2757 Nec
594 2699 721 2756 tamen
741 2688 897 2776 reticui,
917 2691 989 2760 nisi
1010 2693 1104 2761 anni

96 2816 237 2903 tempus
258 2801 473 2902 praefrigido
501 2805 579 2875 aeri
591 2829 732 2901 regrum
749 2805 884 2901 pedem
901 2809 1034 2905 saepius
1048 2835 1103 2882 ex·

101 2943 235 3016 ponere
254 2920 497 3018 prohiberet,
527 2921 714 3028 perpendi
732 2922 826 2993 illud
847 2926 957 2995 etiam
975 2949 1101 3024 posse,

100 3051 218 3108 utrum
235 3037 311 3110 hoc
336 3039 376 3108 in
405 3057 492 3109 'casu
513 3039 723 3110 imitatione
749 3038 865 3137 digna
889 3059 984 3114 esset
1004 3047 1101 3117 ratio

105 3177 178 3248 quae
191 3158 232 3226 in
250 3153 427 3228 eumdem
445 3153 561 3228 finem
586 3155 688 3228 haud
714 3153 915 3229 infeliciter
943 3177 1104 3234 cesserat

103 3273 253 3370 Hagensi
262 3271 412 3344 medico
429 3273 592 3344 Samueli
604 3271 760 3344 Gabliau
775 3276 846 3372 (a),
864 3278 931 3372 qui
943 3279 1078 3374 pedem
1091 3282 1101 3369 ,'

105 3402 137 3458 et
152 3413 236 3462 crus
261 3389 379 3462 ferme
401 3405 524 3460 totum
555 3390 735 3488 sphacelo
761 3409 976 3464 emortuum
989 3403 1103 3493 peni·-
1159 3445 1172 3468 s

25 3543 27 3554 =
103 3505 181 3577 cillo
193 3511 350 3604 majori,
370 3513 513 3606 optimo
527 3510 783 3580 terebinthinae
795 3515 929 3608 spirita
946 3517 1101 3586 intincto

107 3631 299 3722 attingere,
336 3625 402 3698 uel
422 3631 534 3724 quasi
557 3631 718 3723 *pingere
743 3647 830 3698 cum
859 3629 1099 3727 imperasset,

98 3793 270 3817 .,,

134 3903 173 3982 (1)
191 3903 222 3964 L.
235 3925 327 3984 supra
339 3911 417 3968 adn.
436 3911 473 3978 ad
488 3913 538 3970 cit.
555 3933 580 3969 c.
599 3910 646 3971 13.

135 4003 176 4083 (Ἄ)
195 4009 271 4086 Eph.
283 4013 322 4070 Ν.
336 4013 369 4072 C·
382 4013 447 4072 dec.
463 4015 497 4087 3,
511 4017 538 4072 n
551 4013 567 4072 5
580 4023 609 4074 et
621 4013 654 4094 (ἰ,
669 4011 734 4072 obs.
749 4005 818 4073 215,

167 4127 198 4202 7·
926 4102 947 4183 5
