2836 4648
83 485 198 534 nav.
213 485 454 554 resonamus
468 485 516 534 ao
529 485 597 534 nr.
609 451 731 535 surm.
746 481 858 535 arur.
874 487 983 536 mvn.
1011 461 1080 535 621

84 596 213 670 morbi
228 623 384 696 genere,
409 598 481 670 sibi
505 599 701 698 ignotum,
732 611 769 670 at
795 582 1007 670 certe‘ante
1028 597 1088 670 bi·
1180 598 1191 680 f

84 712 207 786 duum
222 714 301 786 haec
315 715 503 788 accidisse.
528 717 618 806 Quae
630 714 761 788 ultima
783 711 895 787 fuisse
913 729 1088 813 poterant

86 853 202 902 vera:
226 855 319 904 num
336 837 460 904 autem
480 847 517 903 et
541 832 683 929 priora,
711 830 955 902 vehementer
975 829 1098 901 dubi-.

49 965 52 970 ·
84 949 180 1035 tavi3
195 939 1087 1048 narncorporisuniversimaguitudo,uoupaulo

83 1067 291 1156 minorem,
306 1065 497 1140 funiculus
509 1083 634 1143 autern
645 1065 880 1140 ‘umbilicalis
896 1090 976 1166 uon
990 1064 1088 1136 obli·

83 1199 212 1279 gatus,
233 1182 575 1267 aliudvidebautur
589 1183 809 1271 ostendere,
830 1207 873 1258 ea
892 1208 983 1254 vero
1005 1187 1088 1279 quae

81 1300 308 1374 dissecando
323 1299 550 1374 offendimus
566 1302 721 1399 insuper
735 1299 968 1376 confirmare.
987 1300 1087 1370 Tho·

82 1441 174 1490 race
204 1419 304 1490 enim
324 1434 474 1516 aperto,
500 1418 700 1516 pulmones
725 1443 771 1491 ex
789 1417 907 1504 rubro
926 1419 1087 1490 maxime

82 1532 212 1606 fuscos
240 1537 384 1624 inveni,
410 1559 617 1633 eorumque
651 1548 796 1632 parteS,
828 1561 933 1632 aquae
963 1535 1088 1632 impo-

83 1653 195 1740 sitas,
215 1674 324 1727 ruere
345 1651 392 1722 ad
405 1649 564 1724 fundum
584 1652 727 1739 statim,
752 1653 940 1748 conspexi.
960 1651 1088 1724 Abdo-

83 1771 190 1843 mine
202 1769 369 1854 recluso,
386 1768 572 1867 plurimus
591 1770 741 1866 sanguis
758 1769 923 1840 occurrit
941 1769 981 1838 in
997 1765 1086 1840 ven·

76 1889 154 1992 ,sris
173 1907 324 1958 caveam
339 1883 488 1966 esurus.
507 1887 593 1976 Quo
613 1883 812 1974 exhausto,
825 1883 1085 1982 abstersoque,

85 2003 240 2094 nullum.
252 2006 428 2102 apparuit
449 2006 692 2094 intestinum3
713 2007 743 2077 si
763 2019 930 2092 rectum,
949 2018 986 2075 et
1004 2027 1098 2099 para*

86 2134 167 2191 tem
181 2121 344 2218 aliquam
354 2121 519 2218 excipias
531 2121 619 2211 coli,
633 2145 721 2194 cum
732 2121 798 2192 iilo
814 2107 1089 2206 continuatam,

85 2238 155 2310 sed
192 2263 317 2336 neque
350 2261 595 2327 mesaraeum,
626 2263 749 2336 neque
784 2237 964 2320 mesocoii
1004 2260 1090 2340 pars

34 2360 41 2385 ¹
85 2357 420 2454 maximausquam
440 2356 752 2454 conspiciebatur.
786 2359 891 2427 Tunc
911 2355 1091 2451 jecinoris
1130 2373 1138 2400 ³

88 2497 179 2565 cum
191 2488 307 2546 totam
330 2497 534 2548 convexam
556 2473 688 2546 faciem
712 2472 1027 2572 diaphragmatis,
1053 2486 1091 2542 et

86 2591 270 2686 proximis
288 2590 504 2686 abdominis
516 2589 696 2670 musculis
712 2586 988 2678 adhaerentern,
1003 2589 1090 2670 alte·

86 2723 331 2796 remantem,
348 2709 435 2784 sive.
446 2733 596 2802 cauam,
612 2736 692 2782 nou
714 2734 849 2808 parum
869 2705 1102 2804 inaequalem*

86 2823 446 2914 animadverterem
459 2841 563 2903 ratus
575 2824 688 2924 quod
698 2839 793 2912 erat,
813 2823 882 2897 sub
898 2823 969 2900 hac
981 2821 1092 2919 'quid-

88 2939 185 3037 quid
218 2941 503 3033 intestinorum,
536 2959 578 3018 et·
597 2941 813 3016 mesenterii
836 2941 965 3014 deesse
989 2939 1092 3012 vide·

86 3057 227 3148 batur,
262 3060 469 3147 coercitum
510 3059 780 3159 deprehendi,
823 3058 1090 3153 obtectumque

87 3173 310 3266 membrana
336 3177 599 3267 crassiuscula,
627 3179 770 3262 tenaci,
798 3191 835 3248 et
865 3173 1112 3274 quibusdam¹

90 3296 199 3391 quasi
221 3293 386 3386 arenulis
410 3317 567 3392 aspera,
603 3319 688 3369 cum
719 3317 761 3366 ea
791 3293 970 3390 jecinoris
999 3288 1092 3378 facie
1205 3289 1207 3294 ’

89 3436 270 3496 connexa.
291 3412 429 3494 Eadem
448 3409 560 3493 facies
581 3437 660 3485 non
678 3413 853 3508 exiguum
868 3409 916 3480 ad
930 3411 1111 3508 spatium

89 3553 216 3619 erosa,
239 3545 304 3610 aut
327 3529 511 3618 lacerata,
533 3529 637 3602 unde
663 3542 809 3610 tantum
833 3526 1026 3623 sanguinis
1052 3525 1094 3594 in

88 3662 259 3720 ventrem
278 3643 498 3744 effluxisset,
517 3647 749 3738 monstravit.
780 3642 1093 3734 E'tgnihilominus

88 3763 135 3837 dc
156 3789 245 3836 mox
264 3779 363 3836 secta
383 3747 430 3834 ad
445 3761 690 3862 diaphragma
704 3785 812 3862 ,yvena
834 3783 923 3838 cava
947 3759 1098 3854 sanguis
1120 3813 1123 3819 .
1191 3777 1194 3782 “

87 3881 268 3980 profluxit
284 3881 449 3984 multus,
466 3882 573 3979 isque
593 3873 693 3970 at'er,
714 3872 837 3980 qualis
853 3890 890 3948 et
907 3877 947 3944 in
959 3888 1092 3945 ventre

86 3998 238 4092 effusus,
249 4015 288 4090 et
297 4001 336 4074 in
349 3999 445 4075 vasis
458 3999 572 4076 totius
581 3993 954 4098 corporisfuitMitto
964 4005 1095 4064 caetera
