<?xml version="1.0" encoding="UTF-8"?>
<!DOCTYPE html PUBLIC "-//W3C//DTD XHTML 1.0 Transitional//EN"
    "http://www.w3.org/TR/xhtml1/DTD/xhtml1-transitional.dtd">
<html xmlns="http://www.w3.org/1999/xhtml" xml:lang="en" lang="en">
 <head>
  <title>
</title>
<meta http-equiv="Content-Type" content="text/html;charset=utf-8" />
  <meta name='ocr-system' content='tesseract 3.04.00' />
  <meta name='ocr-capabilities' content='ocr_page ocr_carea ocr_par ocr_line ocrx_word'/>
</head>
<body>
  <div class='ocr_page' id='page_1' title='image "./desedibusetcaus02adelgoog_0026.png"; bbox 0 0 2858 4658; ppageno 0'>
   <div class='ocr_carea' id='block_1_1' title="bbox 200 392 1131 504">
    <p class='ocr_par' dir='ltr' id='par_1_1' title="bbox 200 392 1131 504">
     <span class='ocr_line' id='line_1_1' title="bbox 200 392 1131 504; baseline 0.006 -14"><span class='ocrx_word' id='word_1_1' title='bbox 200 442 270 490; x_wconf 82' lang='lat' dir='ltr'>mr.</span> <span class='ocrx_word' id='word_1_2' title='bbox 289 441 401 500; x_wconf 60' lang='lat' dir='ltr'>rvuua</span> <span class='ocrx_word' id='word_1_3' title='bbox 413 437 550 490; x_wconf 78' lang='lat' dir='ltr'>uentus</span> <span class='ocrx_word' id='word_1_4' title='bbox 562 431 839 504; x_wconf 77' lang='lat' dir='ltr'>carauac.‚etc.</span> <span class='ocrx_word' id='word_1_5' title='bbox 851 392 963 492; x_wconf 76' lang='lat' dir='ltr'>niusa.</span> <span class='ocrx_word' id='word_1_6' title='bbox 976 443 1031 490; x_wconf 78' lang='lat' dir='ltr'>cv.</span> <span class='ocrx_word' id='word_1_7' title='bbox 1088 421 1131 496; x_wconf 85' lang='lat'>15</span> 
     </span>
    </p>
   </div>
   <div class='ocr_carea' id='block_1_2' title="bbox 127 548 1145 1834">
    <p class='ocr_par' dir='ltr' id='par_1_2' title="bbox 127 548 1145 1834">
     <span class='ocr_line' id='line_1_2' title="bbox 129 548 1135 659; baseline 0.004 -30"><span class='ocrx_word' id='word_1_8' title='bbox 129 559 301 659; x_wconf 86' lang='lat' dir='ltr'>primum·</span> <span class='ocrx_word' id='word_1_9' title='bbox 315 553 479 645; x_wconf 87' lang='lat' dir='ltr'>fatebor,</span> <span class='ocrx_word' id='word_1_10' title='bbox 501 581 580 626; x_wconf 90' lang='lat' dir='ltr'>non</span> <span class='ocrx_word' id='word_1_11' title='bbox 600 548 716 628; x_wconf 84' lang='lat' dir='ltr'>modo</span> <span class='ocrx_word' id='word_1_12' title='bbox 740 558 873 654; x_wconf 77' lang='lat' dir='ltr'>saepius</span> <span class='ocrx_word' id='word_1_13' title='bbox 897 557 944 630; x_wconf 90' lang='lat' dir='ltr'>ab</span> <span class='ocrx_word' id='word_1_14' title='bbox 962 557 1035 631; x_wconf 90' lang='lat' dir='ltr'>illis</span> <span class='ocrx_word' id='word_1_15' title='bbox 1055 583 1135 632; x_wconf 87' lang='lat' dir='ltr'>sca-</span> 
     </span>
     <span class='ocr_line' id='line_1_3' title="bbox 128 672 1135 772; baseline 0 -24"><span class='ocrx_word' id='word_1_16' title='bbox 128 676 203 748; x_wconf 90' lang='lat' dir='ltr'>biei</span> <span class='ocrx_word' id='word_1_17' title='bbox 219 674 407 772; x_wconf 85' lang='lat' dir='ltr'>originem</span> <span class='ocrx_word' id='word_1_18' title='bbox 426 697 506 748; x_wconf 88' lang='lat' dir='ltr'>esse</span> <span class='ocrx_word' id='word_1_19' title='bbox 526 672 822 772; x_wconf 82' lang='lat' dir='ltr'>agnoscendam,</span> <span class='ocrx_word' id='word_1_20' title='bbox 841 674 908 748; x_wconf 90' lang='lat' dir='ltr'>sed</span> <span class='ocrx_word' id='word_1_21' title='bbox 927 691 963 748; x_wconf 90' lang='lat' dir='ltr'>et</span> <span class='ocrx_word' id='word_1_22' title='bbox 982 677 1050 749; x_wconf 91' lang='lat' dir='ltr'>ubi</span> <span class='ocrx_word' id='word_1_23' title='bbox 1066 680 1135 748; x_wconf 89' lang='lat' dir='ltr'>mi·</span> 
     </span>
     <span class='ocr_line' id='line_1_4' title="bbox 127 790 1136 890; baseline 0.004 -24"><span class='ocrx_word' id='word_1_24' title='bbox 127 817 199 866; x_wconf 91' lang='lat' dir='ltr'>nus</span> <span class='ocrx_word' id='word_1_25' title='bbox 215 793 281 864; x_wconf 83' lang='lat' dir='ltr'>illa</span> <span class='ocrx_word' id='word_1_26' title='bbox 301 815 382 864; x_wconf 89' lang='lat' dir='ltr'>csse</span> <span class='ocrx_word' id='word_1_27' title='bbox 405 790 579 864; x_wconf 88' lang='lat' dir='ltr'>crederes</span> <span class='ocrx_word' id='word_1_28' title='bbox 589 837 605 880; x_wconf 82' lang='lat'>,</span> <span class='ocrx_word' id='word_1_29' title='bbox 615 815 892 890; x_wconf 82' lang='lat' dir='ltr'>nonnunquam</span> <span class='ocrx_word' id='word_1_30' title='bbox 906 817 1036 866; x_wconf 88' lang='lat' dir='ltr'>revera</span> <span class='ocrx_word' id='word_1_31' title='bbox 1048 797 1136 870; x_wconf 78' lang='lat' dir='ltr'>exis·</span> 
     </span>
     <span class='ocr_line' id='line_1_5' title="bbox 127 897 1137 1010; baseline 0 -26"><span class='ocrx_word' id='word_1_32' title='bbox 127 928 206 986; x_wconf 87' lang='lat' dir='ltr'>tere</span> <span class='ocrx_word' id='word_1_33' title='bbox 229 910 326 984; x_wconf 84' lang='lat' dir='ltr'>adeo</span> <span class='ocrx_word' id='word_1_34' title='bbox 345 907 451 980; x_wconf 88' lang='lat' dir='ltr'>facile</span> <span class='ocrx_word' id='word_1_35' title='bbox 467 908 518 980; x_wconf 94' lang='lat' dir='ltr'>ob</span> <span class='ocrx_word' id='word_1_36' title='bbox 539 933 645 982; x_wconf 89' lang='lat' dir='ltr'>suam</span> <span class='ocrx_word' id='word_1_37' title='bbox 663 897 900 1007; x_wconf 80' lang='lat' dir='ltr'>exiguitatem</span> <span class='ocrx_word' id='word_1_38' title='bbox 917 909 1032 984; x_wconf 91' lang='lat' dir='ltr'>latere</span> <span class='ocrx_word' id='word_1_39' title='bbox 1049 937 1137 1010; x_wconf 89' lang='lat' dir='ltr'>pos·</span> 
     </span>
     <span class='ocr_line' id='line_1_6' title="bbox 133 1026 1134 1127; baseline -0.001 -24"><span class='ocrx_word' id='word_1_40' title='bbox 133 1045 243 1118; x_wconf 87' lang='lat' dir='ltr'>sunt,</span> <span class='ocrx_word' id='word_1_41' title='bbox 262 1053 352 1101; x_wconf 90' lang='lat' dir='ltr'>cum</span> <span class='ocrx_word' id='word_1_42' title='bbox 368 1027 415 1100; x_wconf 91' lang='lat' dir='ltr'>ab</span> <span class='ocrx_word' id='word_1_43' title='bbox 429 1051 508 1098; x_wconf 90' lang='lat' dir='ltr'>uno</span> <span class='ocrx_word' id='word_1_44' title='bbox 521 1029 561 1098; x_wconf 93' lang='lat' dir='ltr'>in</span> <span class='ocrx_word' id='word_1_45' title='bbox 571 1026 674 1098; x_wconf 88' lang='lat' dir='ltr'>aliud</span> <span class='ocrx_word' id='word_1_46' title='bbox 688 1049 826 1127; x_wconf 87' lang='lat' dir='ltr'>corpus</span> <span class='ocrx_word' id='word_1_47' title='bbox 841 1026 1134 1114; x_wconf 77' lang='lat' dir='ltr'>transferuntur!</span> 
     </span>
     <span class='ocr_line' id='line_1_7' title="bbox 131 1144 1139 1242; baseline 0 -24"><span class='ocrx_word' id='word_1_48' title='bbox 131 1149 190 1218; x_wconf 90' lang='lat' dir='ltr'>Sic</span> <span class='ocrx_word' id='word_1_49' title='bbox 211 1146 391 1234; x_wconf 63' lang='lat' dir='ltr'>memini,</span> <span class='ocrx_word' id='word_1_50' title='bbox 411 1169 498 1216; x_wconf 91' lang='lat' dir='ltr'>cum</span> <span class='ocrx_word' id='word_1_51' title='bbox 522 1144 562 1216; x_wconf 91' lang='lat' dir='ltr'>in</span> <span class='ocrx_word' id='word_1_52' title='bbox 588 1145 709 1242; x_wconf 86' lang='lat' dir='ltr'>patria</span> <span class='ocrx_word' id='word_1_53' title='bbox 727 1145 955 1218; x_wconf 86' lang='lat' dir='ltr'>medicinam</span> <span class='ocrx_word' id='word_1_54' title='bbox 976 1144 1139 1220; x_wconf 85' lang='lat' dir='ltr'>facerem</span> 
     </span>
     <span class='ocr_line' id='line_1_8' title="bbox 131 1262 1141 1365; baseline -0.002 -27"><span class='ocrx_word' id='word_1_55' title='bbox 131 1266 270 1338; x_wconf 83' lang='lat' dir='ltr'>illustri</span> <span class='ocrx_word' id='word_1_56' title='bbox 289 1277 491 1350; x_wconf 69' lang='lat' dir='ltr'>matronae,</span> <span class='ocrx_word' id='word_1_57' title='bbox 514 1285 633 1360; x_wconf 85' lang='lat' dir='ltr'>eaque</span> <span class='ocrx_word' id='word_1_58' title='bbox 651 1262 848 1362; x_wconf 76' lang='lat' dir='ltr'>oblongo,</span> <span class='ocrx_word' id='word_1_59' title='bbox 869 1265 972 1336; x_wconf 88' lang='lat' dir='ltr'>vario</span> <span class='ocrx_word' id='word_1_60' title='bbox 998 1280 1036 1336; x_wconf 88' lang='lat' dir='ltr'>et</span> <span class='ocrx_word' id='word_1_61' title='bbox 1053 1290 1141 1365; x_wconf 87' lang='lat' dir='ltr'>per-</span> 
     </span>
     <span class='ocr_line' id='line_1_9' title="bbox 131 1380 1142 1472; baseline 0 -17"><span class='ocrx_word' id='word_1_62' title='bbox 131 1380 280 1456; x_wconf 87' lang='lat' dir='ltr'>difficili</span> <span class='ocrx_word' id='word_1_63' title='bbox 309 1382 446 1454; x_wconf 91' lang='lat' dir='ltr'>morbo</span> <span class='ocrx_word' id='word_1_64' title='bbox 477 1380 631 1454; x_wconf 87' lang='lat' dir='ltr'>tandem</span> <span class='ocrx_word' id='word_1_65' title='bbox 657 1381 957 1472; x_wconf 83' lang='lat' dir='ltr'>convalesceret,</span> <span class='ocrx_word' id='word_1_66' title='bbox 985 1382 1032 1454; x_wconf 87' lang='lat' dir='ltr'>ad</span> <span class='ocrx_word' id='word_1_67' title='bbox 1053 1385 1142 1456; x_wconf 86' lang='lat' dir='ltr'>alias</span> 
     </span>
     <span class='ocr_line' id='line_1_10' title="bbox 134 1499 1141 1601; baseline -0.002 -27"><span class='ocrx_word' id='word_1_68' title='bbox 134 1527 219 1601; x_wconf 86' lang='lat' dir='ltr'>quae</span> <span class='ocrx_word' id='word_1_69' title='bbox 238 1514 519 1600; x_wconf 75' lang='lat' dir='ltr'>praecesserant,</span> <span class='ocrx_word' id='word_1_70' title='bbox 531 1501 645 1572; x_wconf 80' lang='lat' dir='ltr'>crisos</span> <span class='ocrx_word' id='word_1_71' title='bbox 656 1499 834 1572; x_wconf 88' lang='lat' dir='ltr'>accedere</span> <span class='ocrx_word' id='word_1_72' title='bbox 848 1499 1012 1574; x_wconf 89' lang='lat' dir='ltr'>scabiem</span> <span class='ocrx_word' id='word_1_73' title='bbox 1024 1501 1141 1573; x_wconf 87' lang='lat' dir='ltr'>visam</span> 
     </span>
     <span class='ocr_line' id='line_1_11' title="bbox 136 1618 1143 1716; baseline -0.002 -24"><span class='ocrx_word' id='word_1_74' title='bbox 136 1643 237 1708; x_wconf 87' lang='lat' dir='ltr'>esse,</span> <span class='ocrx_word' id='word_1_75' title='bbox 267 1643 351 1716; x_wconf 82' lang='lat' dir='ltr'>quae</span> <span class='ocrx_word' id='word_1_76' title='bbox 377 1631 534 1714; x_wconf 89' lang='lat' dir='ltr'>repente</span> <span class='ocrx_word' id='word_1_77' title='bbox 552 1631 651 1706; x_wconf 90' lang='lat' dir='ltr'>orta,</span> <span class='ocrx_word' id='word_1_78' title='bbox 678 1618 752 1690; x_wconf 86' lang='lat' dir='ltr'>cito</span> <span class='ocrx_word' id='word_1_79' title='bbox 782 1632 908 1701; x_wconf 82' lang='lat' dir='ltr'>cutem</span> <span class='ocrx_word' id='word_1_80' title='bbox 938 1635 1143 1716; x_wconf 86' lang='lat' dir='ltr'>propemo-</span> 
     </span>
     <span class='ocr_line' id='line_1_12' title="bbox 136 1735 1145 1834; baseline 0 -26"><span class='ocrx_word' id='word_1_81' title='bbox 136 1736 229 1808; x_wconf 91' lang='lat' dir='ltr'>dum</span> <span class='ocrx_word' id='word_1_82' title='bbox 254 1737 469 1808; x_wconf 87' lang='lat' dir='ltr'>universam</span> <span class='ocrx_word' id='word_1_83' title='bbox 497 1736 710 1833; x_wconf 86' lang='lat' dir='ltr'>occupavit,</span> <span class='ocrx_word' id='word_1_84' title='bbox 734 1735 800 1807; x_wconf 91' lang='lat' dir='ltr'>sed</span> <span class='ocrx_word' id='word_1_85' title='bbox 823 1736 967 1833; x_wconf 88' lang='lat' dir='ltr'>palmas</span> <span class='ocrx_word' id='word_1_86' title='bbox 988 1761 1145 1834; x_wconf 84' lang='lat' dir='ltr'>praeser-</span> 
     </span>
    </p>
   </div>
   <div class='ocr_carea' id='block_1_3' title="bbox 135 1851 1262 1952">
    <p class='ocr_par' dir='ltr' id='par_1_3' title="bbox 135 1851 1262 1952">
     <span class='ocr_line' id='line_1_13' title="bbox 135 1851 1262 1952; baseline -0.002 -24"><span class='ocrx_word' id='word_1_87' title='bbox 135 1857 224 1942; x_wconf 87' lang='lat' dir='ltr'>tim,</span> <span class='ocrx_word' id='word_1_88' title='bbox 246 1869 290 1928; x_wconf 94' lang='lat' dir='ltr'>ut</span> <span class='ocrx_word' id='word_1_89' title='bbox 311 1876 388 1952; x_wconf 85' lang='lat' dir='ltr'>prae</span> <span class='ocrx_word' id='word_1_90' title='bbox 404 1851 667 1926; x_wconf 90' lang='lat' dir='ltr'>molestissimo</span> <span class='ocrx_word' id='word_1_91' title='bbox 693 1855 843 1950; x_wconf 88' lang='lat' dir='ltr'>pruritu</span> <span class='ocrx_word' id='word_1_92' title='bbox 867 1853 1038 1930; x_wconf 86' lang='lat' dir='ltr'>dormire</span> <span class='ocrx_word' id='word_1_93' title='bbox 1064 1879 1144 1928; x_wconf 91' lang='lat' dir='ltr'>non</span> <span class='ocrx_word' id='word_1_94' title='bbox 1253 1861 1262 1878; x_wconf 68' lang='lat'><em>⁵</em></span> 
     </span>
    </p>
   </div>
   <div class='ocr_carea' id='block_1_4' title="bbox 115 1970 1217 4072">
    <p class='ocr_par' dir='ltr' id='par_1_4' title="bbox 115 1970 1217 4072">
     <span class='ocr_line' id='line_1_14' title="bbox 138 1970 1145 2073; baseline 0 -27"><span class='ocrx_word' id='word_1_95' title='bbox 138 1987 277 2073; x_wconf 87' lang='lat' dir='ltr'>posset.</span> <span class='ocrx_word' id='word_1_96' title='bbox 300 1976 395 2043; x_wconf 90' lang='lat' dir='ltr'>Cum</span> <span class='ocrx_word' id='word_1_97' title='bbox 416 1970 598 2042; x_wconf 86' lang='lat' dir='ltr'>vesiculas</span> <span class='ocrx_word' id='word_1_98' title='bbox 623 1971 663 2040; x_wconf 91' lang='lat' dir='ltr'>in</span> <span class='ocrx_word' id='word_1_99' title='bbox 687 1972 744 2042; x_wconf 49' lang='lat' dir='ltr'>iis¹</span> <span class='ocrx_word' id='word_1_100' title='bbox 759 1994 954 2044; x_wconf 89' lang='lat' dir='ltr'>cernerem</span> <span class='ocrx_word' id='word_1_101' title='bbox 983 1973 1145 2046; x_wconf 88' lang='lat' dir='ltr'>minutas</span> 
     </span>
     <span class='ocr_line' id='line_1_15' title="bbox 135 2088 1148 2192; baseline 0 -30"><span class='ocrx_word' id='word_1_102' title='bbox 135 2116 243 2190; x_wconf 81' lang='lat' dir='ltr'>aquae</span> <span class='ocrx_word' id='word_1_103' title='bbox 260 2089 409 2188; x_wconf 88' lang='lat' dir='ltr'>plenas,</span> <span class='ocrx_word' id='word_1_104' title='bbox 424 2088 704 2192; x_wconf 78' lang='lat' dir='ltr'>eujusmodieae</span> <span class='ocrx_word' id='word_1_105' title='bbox 717 2090 934 2168; x_wconf 80' lang='lat' dir='ltr'>solentesse</span> <span class='ocrx_word' id='word_1_106' title='bbox 952 2090 1148 2188; x_wconf 82' lang='lat' dir='ltr'>inquibus</span> 
     </span>
     <span class='ocr_line' id='line_1_16' title="bbox 137 2205 1202 2310; baseline 0.002 -30"><span class='ocrx_word' id='word_1_107' title='bbox 137 2212 208 2282; x_wconf 88' lang='lat' dir='ltr'>ista</span> <span class='ocrx_word' id='word_1_108' title='bbox 226 2207 452 2280; x_wconf 83' lang='lat' dir='ltr'>animalcula</span> <span class='ocrx_word' id='word_1_109' title='bbox 474 2205 715 2295; x_wconf 88' lang='lat' dir='ltr'>nidulantur,</span> <span class='ocrx_word' id='word_1_110' title='bbox 738 2207 995 2304; x_wconf 84' lang='lat' dir='ltr'>ancillasjussi</span> <span class='ocrx_word' id='word_1_111' title='bbox 1017 2231 1147 2282; x_wconf 84' lang='lat' dir='ltr'>earum</span> <span class='ocrx_word' id='word_1_112' title='bbox 1198 2285 1202 2310; x_wconf 44' lang='grc' dir='ltr'>Ι</span> 
     </span>
     <span class='ocr_line' id='line_1_17' title="bbox 136 2323 1151 2424; baseline 0.001 -26"><span class='ocrx_word' id='word_1_113' title='bbox 136 2350 257 2398; x_wconf 89' lang='lat' dir='ltr'>uuam</span> <span class='ocrx_word' id='word_1_114' title='bbox 292 2338 356 2394; x_wconf 87' lang='lat' dir='ltr'>aut</span> <span class='ocrx_word' id='word_1_115' title='bbox 383 2323 539 2395; x_wconf 87' lang='lat' dir='ltr'>alteram</span> <span class='ocrx_word' id='word_1_116' title='bbox 558 2324 708 2396; x_wconf 82' lang='lat' dir='ltr'>acicula</span> <span class='ocrx_word' id='word_1_117' title='bbox 731 2326 943 2422; x_wconf 87' lang='lat' dir='ltr'>aperirem</span> <span class='ocrx_word' id='word_1_118' title='bbox 973 2326 1151 2424; x_wconf 83' lang='lat' dir='ltr'>praeclara</span> 
     </span>
     <span class='ocr_line' id='line_1_18' title="bbox 136 2439 1150 2539; baseline 0.002 -25"><span class='ocrx_word' id='word_1_119' title='bbox 136 2443 223 2515; x_wconf 88' lang='lat' dir='ltr'>luce</span> <span class='ocrx_word' id='word_1_120' title='bbox 233 2496 245 2530; x_wconf 94' lang='lat'>,</span> <span class='ocrx_word' id='word_1_121' title='bbox 269 2455 307 2514; x_wconf 92' lang='lat' dir='ltr'>et</span> <span class='ocrx_word' id='word_1_122' title='bbox 324 2439 451 2538; x_wconf 88' lang='lat' dir='ltr'>siquid</span> <span class='ocrx_word' id='word_1_123' title='bbox 462 2439 633 2538; x_wconf 84' lang='lat' dir='ltr'>globosi,</span> <span class='ocrx_word' id='word_1_124' title='bbox 652 2465 826 2539; x_wconf 81' lang='lat' dir='ltr'>expressa</span> <span class='ocrx_word' id='word_1_125' title='bbox 845 2465 960 2539; x_wconf 85' lang='lat' dir='ltr'>aqna,</span> <span class='ocrx_word' id='word_1_126' title='bbox 988 2442 1150 2516; x_wconf 84' lang='lat' dir='ltr'>educere</span> 
     </span>
     <span class='ocr_line' id='line_1_19' title="bbox 143 2557 1152 2659; baseline 0 -27"><span class='ocrx_word' id='word_1_127' title='bbox 143 2573 321 2659; x_wconf 82' lang='lat' dir='ltr'>possent,</span> <span class='ocrx_word' id='word_1_128' title='bbox 341 2557 438 2628; x_wconf 90' lang='lat' dir='ltr'>mihi</span> <span class='ocrx_word' id='word_1_129' title='bbox 463 2557 679 2646; x_wconf 87' lang='lat' dir='ltr'>ostendere,</span> <span class='ocrx_word' id='word_1_130' title='bbox 709 2561 922 2655; x_wconf 87' lang='lat' dir='ltr'>exquisitis,</span> <span class='ocrx_word' id='word_1_131' title='bbox 944 2584 1027 2657; x_wconf 85' lang='lat' dir='ltr'>quaa</span> <span class='ocrx_word' id='word_1_132' title='bbox 1055 2558 1152 2632; x_wconf 87' lang='lat' dir='ltr'>forte</span> 
     </span>
     <span class='ocr_line' id='line_1_20' title="bbox 141 2675 1152 2778; baseline -0.003 -29"><span class='ocrx_word' id='word_1_133' title='bbox 141 2680 183 2749; x_wconf 92' lang='lat' dir='ltr'>in</span> <span class='ocrx_word' id='word_1_134' title='bbox 208 2689 392 2776; x_wconf 89' lang='lat' dir='ltr'>promptu</span> <span class='ocrx_word' id='word_1_135' title='bbox 416 2691 543 2765; x_wconf 87' lang='lat' dir='ltr'>erant,</span> <span class='ocrx_word' id='word_1_136' title='bbox 565 2675 671 2778; x_wconf 86' lang='lat' dir='ltr'>vitris</span> <span class='ocrx_word' id='word_1_137' title='bbox 696 2677 883 2746; x_wconf 87' lang='lat' dir='ltr'>instructo</span> <span class='ocrx_word' id='word_1_138' title='bbox 908 2675 1039 2762; x_wconf 91' lang='lat' dir='ltr'>oculo,</span> <span class='ocrx_word' id='word_1_139' title='bbox 1065 2701 1152 2758; x_wconf 85' lang='lat' dir='ltr'>exa·</span> 
     </span>
     <span class='ocr_line' id='line_1_21' title="bbox 142 2791 1151 2890; baseline 0.001 -23"><span class='ocrx_word' id='word_1_140' title='bbox 142 2797 346 2867; x_wconf 80' lang='lat' dir='ltr'>miraturo.</span> <span class='ocrx_word' id='word_1_141' title='bbox 386 2793 488 2884; x_wconf 89' lang='lat' dir='ltr'>Quid</span> <span class='ocrx_word' id='word_1_142' title='bbox 524 2792 690 2890; x_wconf 80' lang='lat' dir='ltr'>quaeris?</span> <span class='ocrx_word' id='word_1_143' title='bbox 725 2791 905 2864; x_wconf 87' lang='lat' dir='ltr'>Oblatum</span> <span class='ocrx_word' id='word_1_144' title='bbox 938 2796 1151 2868; x_wconf 82' lang='lat' dir='ltr'>examinare</span> 
     </span>
     <span class='ocr_line' id='line_1_22' title="bbox 144 2909 1151 3010; baseline -0.004 -24"><span class='ocrx_word' id='word_1_145' title='bbox 144 2913 288 2986; x_wconf 86' lang='lat' dir='ltr'>diutius</span> <span class='ocrx_word' id='word_1_146' title='bbox 304 2935 385 2985; x_wconf 86' lang='lat' dir='ltr'>nou</span> <span class='ocrx_word' id='word_1_147' title='bbox 399 2935 498 3010; x_wconf 89' lang='lat' dir='ltr'>opus</span> <span class='ocrx_word' id='word_1_148' title='bbox 513 2909 594 2982; x_wconf 87' lang='lat' dir='ltr'>fuit.</span> <span class='ocrx_word' id='word_1_149' title='bbox 612 2911 752 2984; x_wconf 86' lang='lat' dir='ltr'>Vivens</span> <span class='ocrx_word' id='word_1_150' title='bbox 770 2925 850 2982; x_wconf 88' lang='lat' dir='ltr'>erat</span> <span class='ocrx_word' id='word_1_151' title='bbox 860 2911 1151 3002; x_wconf 90' lang='lat' dir='ltr'>animalculum,</span> 
     </span>
     <span class='ocr_line' id='line_1_23' title="bbox 146 3025 1154 3129; baseline -0.002 -25"><span class='ocrx_word' id='word_1_152' title='bbox 146 3055 190 3104; x_wconf 88' lang='lat' dir='ltr'>ea</span> <span class='ocrx_word' id='word_1_153' title='bbox 213 3032 295 3129; x_wconf 88' lang='lat' dir='ltr'>ipsa</span> <span class='ocrx_word' id='word_1_154' title='bbox 313 3025 434 3102; x_wconf 80' lang='lat' dir='ltr'>forma</span> <span class='ocrx_word' id='word_1_155' title='bbox 458 3053 571 3128; x_wconf 87' lang='lat' dir='ltr'>quam</span> <span class='ocrx_word' id='word_1_156' title='bbox 605 3031 835 3104; x_wconf 81' lang='lat' dir='ltr'>recentiores</span> <span class='ocrx_word' id='word_1_157' title='bbox 864 3027 1154 3127; x_wconf 76' lang='lat' dir='ltr'>delineaverunt.</span> 
     </span>
     <span class='ocr_line' id='line_1_24' title="bbox 146 3145 1217 3245; baseline 0 -25"><span class='ocrx_word' id='word_1_158' title='bbox 146 3153 239 3220; x_wconf 87' lang='lat' dir='ltr'>Tum</span> <span class='ocrx_word' id='word_1_159' title='bbox 254 3146 357 3220; x_wconf 87' lang='lat' dir='ltr'>aliud</span> <span class='ocrx_word' id='word_1_160' title='bbox 370 3201 380 3234; x_wconf 97' lang='lat'>,</span> <span class='ocrx_word' id='word_1_161' title='bbox 393 3161 506 3245; x_wconf 88' lang='lat' dir='ltr'>atque</span> <span class='ocrx_word' id='word_1_162' title='bbox 519 3145 622 3220; x_wconf 87' lang='lat' dir='ltr'>aliud</span> <span class='ocrx_word' id='word_1_163' title='bbox 638 3147 1154 3239; x_wconf 62' lang='lat' dir='ltr'>adememiventiaomnia,</span> <span class='ocrx_word' id='word_1_164' title='bbox 1178 3166 1180 3171; x_wconf 86' lang='grc'><strong><em>·</em></strong></span> <span class='ocrx_word' id='word_1_165' title='bbox 1215 3206 1217 3209; x_wconf 82' lang='grc'>.</span> 
     </span>
     <span class='ocr_line' id='line_1_25' title="bbox 147 3265 1157 3362; baseline -0.002 -22"><span class='ocrx_word' id='word_1_166' title='bbox 147 3282 185 3340; x_wconf 88' lang='lat' dir='ltr'>et</span> <span class='ocrx_word' id='word_1_167' title='bbox 203 3268 323 3339; x_wconf 83' lang='lat' dir='ltr'>forma</span> <span class='ocrx_word' id='word_1_168' title='bbox 339 3265 481 3337; x_wconf 88' lang='lat' dir='ltr'>eadem.</span> <span class='ocrx_word' id='word_1_169' title='bbox 495 3268 592 3336; x_wconf 89' lang='lat' dir='ltr'>Cum</span> <span class='ocrx_word' id='word_1_170' title='bbox 609 3265 812 3338; x_wconf 86' lang='lat' dir='ltr'>mulierum</span> <span class='ocrx_word' id='word_1_171' title='bbox 827 3287 910 3362; x_wconf 82' lang='lat' dir='ltr'>quae</span> <span class='ocrx_word' id='word_1_172' title='bbox 928 3265 1090 3338; x_wconf 83' lang='lat' dir='ltr'>dominae</span> <span class='ocrx_word' id='word_1_173' title='bbox 1102 3267 1157 3338; x_wconf 91' lang='lat' dir='ltr'>in·</span> 
     </span>
     <span class='ocr_line' id='line_1_26' title="bbox 150 3381 1154 3481; baseline -0.001 -21"><span class='ocrx_word' id='word_1_174' title='bbox 150 3386 377 3470; x_wconf 87' lang='lat' dir='ltr'>servierant,</span> <span class='ocrx_word' id='word_1_175' title='bbox 405 3382 510 3454; x_wconf 91' lang='lat' dir='ltr'>nulla</span> <span class='ocrx_word' id='word_1_176' title='bbox 538 3405 695 3481; x_wconf 87' lang='lat' dir='ltr'>prorsus</span> <span class='ocrx_word' id='word_1_177' title='bbox 726 3398 823 3456; x_wconf 86' lang='lat' dir='ltr'>esset</span> <span class='ocrx_word' id='word_1_178' title='bbox 849 3383 974 3456; x_wconf 87' lang='lat' dir='ltr'>scabie</span> <span class='ocrx_word' id='word_1_179' title='bbox 999 3381 1154 3476; x_wconf 77' lang='lat' dir='ltr'>affecta,</span> 
     </span>
     <span class='ocr_line' id='line_1_27' title="bbox 150 3500 1158 3600; baseline 0.001 -23"><span class='ocrx_word' id='word_1_180' title='bbox 150 3503 322 3578; x_wconf 87' lang='lat' dir='ltr'>medicus</span> <span class='ocrx_word' id='word_1_181' title='bbox 332 3501 399 3600; x_wconf 90' lang='lat' dir='ltr'>qui</span> <span class='ocrx_word' id='word_1_182' title='bbox 412 3515 498 3571; x_wconf 88' lang='lat' dir='ltr'>ante</span> <span class='ocrx_word' id='word_1_183' title='bbox 509 3500 669 3574; x_wconf 82' lang='lat' dir='ltr'>Redium</span> <span class='ocrx_word' id='word_1_184' title='bbox 680 3515 717 3574; x_wconf 91' lang='lat' dir='ltr'>et</span> <span class='ocrx_word' id='word_1_185' title='bbox 727 3501 976 3599; x_wconf 86' lang='lat' dir='ltr'>Malpigbium</span> <span class='ocrx_word' id='word_1_186' title='bbox 989 3503 1158 3590; x_wconf 86' lang='lat' dir='ltr'>vixisset,</span> 
     </span>
     <span class='ocr_line' id='line_1_28' title="bbox 150 3601 1178 3722; baseline -0.005 -24"><span class='ocrx_word' id='word_1_187' title='bbox 150 3649 170 3698; x_wconf 87' lang='lat' dir='ltr'>e</span> <span class='ocrx_word' id='word_1_188' title='bbox 186 3618 390 3722; x_wconf 89' lang='lat' dir='ltr'>putredine</span> <span class='ocrx_word' id='word_1_189' title='bbox 407 3633 490 3690; x_wconf 89' lang='lat' dir='ltr'>orta</span> <span class='ocrx_word' id='word_1_190' title='bbox 505 3641 586 3690; x_wconf 87' lang='lat' dir='ltr'>esse</span> <span class='ocrx_word' id='word_1_191' title='bbox 605 3619 669 3692; x_wconf 90' lang='lat' dir='ltr'>illa</span> <span class='ocrx_word' id='word_1_192' title='bbox 687 3601 931 3705; x_wconf 84' lang='lat' dir='ltr'>animalcula,</span> <span class='ocrx_word' id='word_1_193' title='bbox 956 3645 1035 3692; x_wconf 91' lang='lat' dir='ltr'>non</span> <span class='ocrx_word' id='word_1_194' title='bbox 1051 3621 1178 3693; x_wconf 91' lang='lat' dir='ltr'>dubi·-</span> 
     </span>
     <span class='ocr_line' id='line_1_29' title="bbox 153 3736 1158 3828; baseline -0.005 -15"><span class='ocrx_word' id='word_1_195' title='bbox 153 3755 285 3813; x_wconf 89' lang='lat' dir='ltr'>tasset:</span> <span class='ocrx_word' id='word_1_196' title='bbox 306 3751 440 3809; x_wconf 89' lang='lat' dir='ltr'>contra</span> <span class='ocrx_word' id='word_1_197' title='bbox 458 3749 583 3808; x_wconf 88' lang='lat' dir='ltr'>autem</span> <span class='ocrx_word' id='word_1_198' title='bbox 601 3737 694 3807; x_wconf 87' lang='lat' dir='ltr'>mibi</span> <span class='ocrx_word' id='word_1_199' title='bbox 712 3739 867 3810; x_wconf 89' lang='lat' dir='ltr'>minime</span> <span class='ocrx_word' id='word_1_200' title='bbox 888 3736 1049 3808; x_wconf 88' lang='lat' dir='ltr'>dubium</span> <span class='ocrx_word' id='word_1_201' title='bbox 1068 3737 1158 3828; x_wconf 86' lang='lat' dir='ltr'>fuit,</span> 
     </span>
     <span class='ocr_line' id='line_1_30' title="bbox 115 3853 1159 3956; baseline -0.001 -27"><span class='ocrx_word' id='word_1_202' title='bbox 115 3934 131 3952; x_wconf 56' lang='grc'><em>,</em></span> <span class='ocrx_word' id='word_1_203' title='bbox 151 3858 246 3956; x_wconf 89' lang='lat' dir='ltr'>quin</span> <span class='ocrx_word' id='word_1_204' title='bbox 256 3854 480 3928; x_wconf 88' lang='lat' dir='ltr'>ancillarum</span> <span class='ocrx_word' id='word_1_205' title='bbox 497 3853 620 3952; x_wconf 87' lang='lat' dir='ltr'>aliqua</span> <span class='ocrx_word' id='word_1_206' title='bbox 629 3853 1159 3951; x_wconf 81' lang='lat' dir='ltr'>alicundealiquod‚vestibus</span> 
     </span>
     <span class='ocr_line' id='line_1_31' title="bbox 144 3959 1154 4072; baseline 0.001 -24"><span class='ocrx_word' id='word_1_207' title='bbox 144 3975 355 4072; x_wconf 69' lang='lat' dir='ltr'>adherens,</span> <span class='ocrx_word' id='word_1_208' title='bbox 364 3971 645 4047; x_wconf 85' lang='lat' dir='ltr'>insciadomum</span> <span class='ocrx_word' id='word_1_209' title='bbox 657 4025 666 4064; x_wconf 88' lang='lat'>,</span> <span class='ocrx_word' id='word_1_210' title='bbox 680 3971 727 4046; x_wconf 86' lang='lat' dir='ltr'>ad</span> <span class='ocrx_word' id='word_1_211' title='bbox 739 3959 946 4070; x_wconf 88' lang='lat' dir='ltr'>heramque</span> <span class='ocrx_word' id='word_1_212' title='bbox 954 3971 1154 4062; x_wconf 64' lang='lat' dir='ltr'>attulissem</span> 
     </span>
    </p>
   </div>
   <div class='ocr_carea' id='block_1_5' title="bbox 0 0 1449 4658">
    <p class='ocr_par' dir='ltr' id='par_1_5' title="bbox 0 0 1449 4658">
     <span class='ocr_line' id='line_1_32' title="bbox 0 0 1449 4658; baseline 0 0"><span class='ocrx_word' id='word_1_213' title='bbox 0 0 1449 4658; x_wconf 95' lang='lat' dir='ltr'> </span> 
     </span>
    </p>
   </div>
  </div>
 </body>
</html>
