2732 4654
133 433 264 518 univ.
281 467 475 516 arnonus
489 467 668 516 caraune.
679 498 690 533 ,
702 459 903 549 etcunsr.
921 469 993 520 arx.
1022 447 1093 523 325
1110 513 1111 520 ,

85 585 177 655 mali
213 583 371 671 sentire,
410 596 447 653 et
477 581 588 681 plane
630 599 778 654 sanatos
809 609 888 657 esse
922 587 1095 660 clamant.
1167 673 1173 690 r

84 707 231 799 Nempe
253 699 386 788 animi,
407 725 485 771 non
515 703 706 798 corporis,
729 701 808 772 baec
839 728 919 775 esse
945 705 1096 777 videtur

85 821 254 892 curatio:
280 845 362 916 quae
382 820 477 889 sicui
494 817 589 888 forte
618 819 793 890 antidoto
814 818 951 892 famam
973 825 1095 894 conci·

83 937 208 1024 liavit,
228 952 270 1008 ut
293 937 483 1006 immerito
517 936 795 1026 conciliaverit,
830 939 1018 1038 simulque
1051 957 1094 1014 ut

84 1057 246 1154 certiora
266 1054 469 1151 quaerenda
488 1055 576 1141 sint,
599 1053 713 1125 vides.

104 1199 193 1270 ·29·
223 1172 294 1243 Sed
325 1197 404 1242 non
427 1187 470 1242 ut
507 1162 772 1269 scorpionum,
795 1174 847 1244 ita
879 1175 1095 1272 viperarum

83 1315 241 1390 quoque
255 1289 357 1387 apud
373 1291 587 1387 nossaepins
602 1291 808 1362 innocuum
821 1315 1009 1363 venenum
1022 1309 1094 1366 est:

83 1434 104 1480 a
128 1421 293 1506 quarum
316 1432 443 1478 morsu
468 1408 623 1510 plurimi
646 1409 868 1497 interirent,
904 1425 968 1480 aut
994 1426 1095 1483 certe

85 1527 305 1626 gravissime
319 1523 556 1613 laborarent,
575 1525 647 1595 nisi
664 1526 785 1596 multo
800 1551 915 1622 quam
935 1528 1094 1624 scorpii,

84 1660 212 1717 essent
240 1644 310 1714 illae.
334 1644 521 1732 rarioreS,
551 1657 588 1713 et
611 1659 768 1740 propter
791 1641 1093 1740 magnitudinem

85 1761 234 1836 facilius
264 1761 511 1832 animadverti
522 1767 539 1857 ,ξ
557 1775 594 1831 et
613 1762 744 1856 caveri,
758 1775 923 1857 possent.
945 1763 1096 1834 Gravis-

93 1881 227 1966 sime,
261 1880 438 1976 inquam,
471 1878 727 1963 laborarent,
770 1902 856 1948 cum
881 1877 1092 1959 remedium
1191 1931 1193 1939 ,

88 1997 255 2070 necdum
286 1997 482 2068 inventum
507 1998 621 2068 sciam
653 1997 715 2070 cni
744 1995 897 2093 quidem
924 1974 1090 2094 possint,

85 2114 297 2186 audeantve
308 2112 626 2203 bominesfrdere,
638 2129 680 2184 ut
691 2098 738 2184 ab
752 2139 790 2185 se
810 2131 963 2186 arceant
978 2114 1093 2186 vehe-

86 2233 320 2304 mentissima
336 2247 603 2329 symptomata,
627 2233 818 2330 viperinos
832 2257 979 2304 morsus
996 2233 1096 2302 exci-

87 2352 242 2452 pientia.
262 2350 427 2421 Laudata
450 2365 492 2421 ut
511 2351 670 2420 maxime
694 2345 739 2420 ad
760 2349 798 2420 id
819 2348 966 2422 fuerant
983 2350 1099 2422 devo-

86 2484 169 2542 rata
189 2469 330 2564 capita,
360 2468 482 2538 aliaeve
510 2483 635 2565 partes
664 2469 891 2564 viperarum.
925 2467 997 2539 Sed
1022 2473 1097 2540 Re-

90 2588 143 2660 dii
159 2587 239 2684 (1),
259 2601 296 2658 et
309 2585 496 2656 Francinii
511 2586 564 2680 (a)
580 2585 844 2680 experimentis
862 2609 921 2655 res
940 2586 1097 2657 minime
1161 2647 1179 2662 „

87 2703 299 2804 respondit.
321 2707 451 2774 Postea
468 2703 614 2797 maguis
634 2700 808 2772 laudibus
839 2698 965 2772 efferri
992 2701 1097 2771 audi-

88 2825 214 2896 vimus
231 2823 445 2920 viperarum
463 2819 753 2919 pinguedinem,
772 2819 968 2917 multoque
985 2821 1113 2892 etiam,

91 2942 213 3039 magis
228 2940 381 3038 vulgare
393 2939 541 3026 oleum,
562 2940 592 3010 si
609 2939 785 3010 demorso
797 2936 881 3008 loco
896 2919 1114 3009 adhibere}
1138 2939 1142 2949 ¹

90 3075 208 3132 retur.
233 3059 310 3154 Etsi
332 3060 393 3128 vix
413 3057 592 3130 credibile
615 3054 831 3142 videbatur,
857 3069 1099 3152 perangusta

90 3177 208 3264 aden,
236 3200 307 3248 nec
327 3199 463 3273 parum
494 3173 683 3273 profunda
706 3171 890 3244 foramina
919 3196 989 3270 per
1016 3149 1099 3268 quae

92 3289 279 3366 mordens
295 3296 423 3392 vipera
438 3317 626 3365 venenum
656 3291 842 3378 immittit,
872 3289 960 3361 satis
978 3288 1102 3360 aditus

92 3427 225 3511 patere
252 3412 389 3483 olcosis
416 3411 621 3508 praesertim
645 3409 874 3495 linimeutis3
901 3406 1102 3484 maluimus
1182 3501 1185 3506 Ι

94 3531 257 3619 simum,
277 3526 616 3615 commendaverit,
632 3527 734 3600 illico
761 3524 856 3596 nibil
879 3523 1040 3620 amplius
1063 3546 1104 3594 se

94 3713 1100 3745 M·-

135 3828 180 3910 (1)
202 3801 538 3904 Letteraaopraalcune
550 3814 746 3904 opposizioiai,
764 3835 822 3882 etc.

134 3925 181 4008 (a)
200 3933 320 3988 Lettera
344 3929 392 3986 del
412 3931 498 3988 Platt.
521 3929 568 3986 fra
591 3929 619 3986 le
648 3944 739 4003 opere
766 3925 814 3982 del
842 3921 933 3991 Redi,
963 3930 1035 3978 tom.
1066 3937 1103 3995 a,

97 4029 166 4090 dell'
189 4031 265 4091 ediz.
277 4032 402 4090 Veneta.
865 4057 870 4066 ·
