2858 4658
254 493 298 542 10
381 549 383 553 .
418 491 465 540 mt
491 487 638 540 sumnus
662 489 706 536 ΕΤ
732 485 856 537 ῦλΰὸῐὸ
881 486 1092 536 ΗΟΕΒΟΜῙΜ
1126 545 1133 560 ,
1196 550 1198 555 .
1252 435 1266 452 ⁸

250 602 366 676 verba
379 603 443 676 illa
461 603 607 675 Balloni
625 600 848 674 adnotatum
858 601 959 701 leges
974 600 1048 700 (1):
1068 605 1170 674 Dum
1180 606 1264 698 quis

253 749 335 797 cum
351 723 522 796 scabioso
530 723 755 810 concumbit,
769 737 806 792 et
814 726 907 794 cutis
923 722 1101 820 inficitur,
1120 718 1265 792 malum

255 842 327 915 hoc
349 865 438 913 vere
455 853 655 911 castaneum
681 855 752 930 est,
777 855 815 911 et
838 840 1100 938 superficiaria
1117 837 1266 910 curatio

253 985 330 1032 esse
344 958 463 1030 debet.
483 956 741 1055 Videsigitur,
757 957 853 1056 quid
866 957 965 1047 veri,
984 971 1022 1028 et
1039 957 1143 1030 utilis
1168 955 1264 1028 sitin

255 1102 330 1149 una
349 1075 412 1148 illa
429 1090 583 1148 externa
601 1079 816 1165 curatione,
830 1078 980 1148 interna
992 1099 1148 1175 prorsus
1158 1073 1267 1146 omis·

256 1219 315 1284 sa,
341 1219 426 1266 cum
451 1218 564 1268 sanus
578 1194 712 1293 aliquis
730 1219 751 1266 a
774 1194 951 1283 scabiosi,
971 1209 1036 1267 aut
1052 1193 1264 1266 linteorum

256 1311 354 1409 ejus,
368 1315 727 1386 vestiumveattactu
746 1313 909 1386 scabiem
929 1311 1044 1412 paulo
1064 1326 1151 1384 ante
1171 1335 1268 1382 con-

256 1431 378 1504 traxit.
396 1429 469 1502 Sed
488 1429 593 1503 vides
611 1431 742 1524 simul,
759 1429 852 1528 quid
865 1429 991 1502 minus
1003 1431 1107 1517 veri,
1127 1429 1269 1500 minus·
1332 1429 1336 1434 ’

259 1571 333 1645 que
356 1548 427 1618 tuti
446 1549 514 1619 ista
532 1548 662 1620 eadem
677 1547 835 1620 haberet
855 1546 1015 1618 curandi
1030 1546 1225 1634 doctrina,
1239 1545 1270 1618 si
1334 1549 1339 1558 '

260 1663 403 1742 scabies
420 1689 499 1736 non
527 1667 623 1738 cutis
641 1667 754 1738 unius
782 1665 939 1738 morbus
966 1680 1082 1754 esset,
1106 1663 1173 1737 scd
1202 1677 1268 1735 aut

261 1781 473 1870 abscessus,
492 1799 558 1855 aut
573 1782 767 1856 abscessus
786 1783 899 1856 simul
922 1797 960 1855 ct
985 1783 1080 1854 cutis
1101 1781 1270 1854 morbus.

260 1901 393 1998 Neque
406 1901 508 1972 enim
521 1897 627 1973 facile
642 1900 921 1973 assentiendum
932 1915 1005 1989 est,
1021 1925 1108 1972 cum
1123 1896 1267 1972 scabies

265 2042 483 2115 nunquam,
511 2019 584 2090 nisi
614 2044 635 2090 a
661 2019 819 2092 scabiosi
841 2033 1036 2105 contactu,
1062 2017 1110 2090 ab
1145 2018 1273 2113 ejusve

266 2136 500 2208 animalculis
514 2137 618 2209 nasci
636 2136 784 2209 dicitur.
802 2139 903 2210 Num
917 2135 965 2206 ab
979 2135 1128 2208 illuvie?
1141 2159 1234 2206 num
1252 2157 1274 2207 a

265 2255 390 2352 pravis
410 2255 526 2344 cibis,
544 2255 821 2360 ¹potionibusvc
850 2278 1048 2352 nunquam
1080 2251 1274 2326 nascitur?

264 2375 374 2443 Certe
397 2371 504 2444 aliter
523 2373 714 2471 plerisque
732 2368 1071 2460 videturmedicis,
1097 2386 1135 2444 et
1160 2373 1201 2442 in
1216 2369 1278 2442 his

180 2567 189 2587 s
265 2491 472 2579 Sennert0,
494 2515 609 2588 quem
637 2491 796 2590 epistola
814 2491 854 2561 in
874 2490 1115 2562 Samonicum
1138 2492 1174 2558 Il
1195 2488 1277 2560 lau·

268 2603 353 2676 davi
363 2660 372 2694 ,
383 2607 529 2705 ipsique
541 2609 741 2679 Samonico
751 2607 804 2704 (a)
813 2661 823 2698 ,
833 2608 864 2680 si
876 2609 982 2705 quod
996 2605 1049 2677 ihi
1058 2605 1280 2694 ostendere,

270 2736 308 2794 et
324 2724 510 2821 explicare
528 2725 673 2815 studui,
692 2749 822 2798 revera
842 2725 1010 2824 scripsit,

391 2941 498 2996 Illotus
509 2943 616 3008 sudor,
636 2943 689 2997 atel
700 2942 789 3015 copia
805 2943 916 2998 mutilis
925 2959 1001 2998 mccc

392 3040 480 3114 Saepe
488 3041 574 3116 gravi
587 3041 685 3097 scabie
699 3053 849 3117 correptos
863 3051 986 3118 asperat
998 3049 1089 3096 anus.

271 3236 371 3307 Num
388 3233 572 3310 a'morbis
591 3261 671 3309 non
697 3241 819 3311 oritur
840 3235 1070 3336 quibusdam
1093 3234 1287 3334 gravibus,

275 3351 510 3425 diuturnisve
520 3379 648 3446 crisis
661 3359 802 3429 instar
795 3359 809 3414 l
827 3360 947 3444 Num,
965 3370 1007 3427 ut
1018 3369 1167 3428 caeteras
1178 3351 1287 3424 omit

275 3483 351 3542 tam
362 3493 510 3563 causas,
527 3473 574 3546 ab
593 3473 765 3547 lanarum
779 3474 1078 3547 contrectatione
1092 3467 1286 3542 morbida·

279 3609 366 3658 rum
380 3590 538 3661 ovium?
559 3593 653 3664 Sane
674 3593 780 3691 quod
803 3592 968 3665 Venetiae
989 3589 1097 3676 olim,
1119 3601 1185 3659 aut
1206 3611 1289 3687 pro·

284 3761 1289 3822 Unum-...m-

218 3889 227 3908 l
319 3936 364 4016 (ι)
385 3941 424 3996 Ν.
443 3959 488 3996 ιο.

300 4033 304 4038 ’
320 4034 362 4118 (a)
383 4039 428 4096 De
444 4038 566 4098 medicis
579 4039 754 4115 praeceptis,
769 4059 795 4098 c.
809 4039 838 4098 6.
