2732 4654
106 445 175 494 mn.
190 441 240 490 ιν.
260 431 453 488 nsuorris
465 429 660 496 omnuim,
675 423 743 480 etc.
758 431 868 482 misr.
888 431 960 480 mx.
989 407 1056 483 351

58 561 99 650 in
123 557 293 630 dissectis
309 568 407 652 apost
428 565 618 639 mortem,
651 547 843 620 insolitum
872 547 1062 636 colorem,

57 675 265 777 praesertim
282 671 442 758 flavum,
465 666 525 741 iel
542 666 681 737 cursim
701 665 985 762 inspicientibus
1006 689 1063 736 os·

58 795 280 869 tendissent.
379 837 380 845 κ

77 914 166 1010 ‚37.
194 909 318 982 Habes
339 907 520 1002 longum,
548 898 613 974 sed
635 895 792 970 fortasse
823 900 898 970 tuis
930 900 1063 974 studiis

58 1058 139 1104 non
160 1049 314 1128 prorsus
334 1023 527 1101 muntem,
552 1017 599 1088 de
630 1017 755 1114 vipera
775 1039 989 1087 sermonem
1017 1043 1063 1088 ex
1115 1033 1121 1043 ·

58 1146 289 1246 comparatis
304 1145 404 1212 inter
421 1163 460 1211 se
477 1139 523 1209 iis
541 1159 627 1233 quae
650 1141 753 1206 nunc
778 1131 873 1205 forte
888 1135 927 1204 in
945 1137 1064 1206 maui-

58 1268 129 1340 bus
150 1278 257 1336 erunt
272 1285 353 1331 non
369 1273 538 1333 veterum
556 1252 689 1340 modo,
709 1250 776 1324 sed
795 1265 832 1322 et
856 1255 1065 1323 recentium
1088 1247 1091 1253 ’

58 1399 258 1456 auctorum
275 1377 444 1474 scriptis3
468 1387 511 1443 ut
530 1393 611 1442 non
626 1367 754 1458 videar
774 1382 968 1470 expectare
989 1394 1009 1438 a
1028 1385 1065 1440 te

57 1523 171 1603 posse
195 1495 300 1596 quod
320 1495 413 1566 elim
437 1513 549 1588 super
573 1485 742 1585 epistolis
765 1485 822 1556 de·
838 1485 975 1582 aspidis
1000 1511 1065 1558 ve-

58 1643 163 1694 neno
179 1617 226 1688 ad
239 1612 452 1712 Laneisinm
468 1607 563 1701 datis
577 1607 632 1703 (1)
648 1603 762 1675 retuli
777 1628 798 1672 a
821 1603 1064 1694 doctissimis,

57 1755 95 1812 et
122 1761 212 1834 erga
229 1757 290 1804 me
307 1728 477 1825 alioquin
497 1721 778 1797 humanissimis
796 1721 902 1808 viris,
924 1721 1065 1794 scilicet

54 1850 391 1956 praestitisseforte
402 1846 569 1944 propriis
589 1841 849 1938 experimentis
869 1835 980 1910 fuisse
1005 1863 1066 1912 me

58 1993 187 2058 asum,
205 1991 319 2066 quam
330 1967 557 2038 auctoritate
577 1960 694 2044 Aettt,
714 1970 750 2025 et
765 1953 1065 2052 reliquorumve

1 2155 2 2158 ,
59 2107 197 2174 terum,
221 2089 288 2183 qui
304 2090 342 2186 in
359 2081 417 2152 his
432 2084 544 2148 nimis·
561 2097 662 2174 soepe
680 2079 827 2144 incaute
839 2073 1063 2172 procedunt

57 2213 204 2302 Nempe
221 2204 282 2274 hic
301 2187 392 2287 usus
413 2221 496 2270 sum
515 2193 725 2266 recentium
754 2196 909 2288 quoque
935 2193 1065 2266 cautis.

57 2326 241 2397 simorum
259 2319 458 2392 hominum
470 2311 750 2410 experimentiS,
768 2307 908 2406 quibus
922 2312 1063 2408 pariter

57 2463 197 2512 usurus
216 2436 359 2510 fueram
374 2432 491 2504 inilia
511 2429 764 2528 disputatione
786 2428 816 2497 si
828 2427 904 2498 ulla
919 2451 1064 2502 eorum.

55 2560 146 2630 dem
167 2557 384 2629 extitissent
410 2551 505 2622 Nam
519 2567 603 2618 inea
631 2569 679 2615 ne
697 2545 738 2614 in
765 2545 893 2640 vipera
907 2545 1063 2639 quidem

57 2676 177 2748 habui
200 2698 286 2772 ,quae
311 2668 358 2740 ad
383 2683 419 2740 te
445 2667 655 2750 mitterem,
676 2661 819 2756 quippe
843 2659 923 2730 aliis
950 2675 1060 2758 atque

56 2795 162 2882 aliis,
185 2815 273 2864 cum
304 2777 368 2859 illa'
392 2779 614 2856 instituendi
637 2786 786 2875 tempus
818 2799 887 2872 per
918 2792 1062 2848 etatem

57 2910 207 2996 fuisset,
243 2899 558 3001 occupationibus
588 2895 799 2981 distentus,
835 2907 873 2963 et
904 2893 1067 2990 periculi

58 3031 173 3130 plena
190 3023 396 3098 tentamina
413 3033 522 3090 antea
538 3026 744 3099 aversatus,
758 3034 870 3107 quam
890 3009 1001 3097 mihi,
1021 3027 1064 3094 ut

60 3150 142 3220 aliis
161 3145 229 3243 qui
248 3143 312 3214 diu
331 3136 525 3212 exercitati
539 3135 579 3203 in
597 3132 644 3202 iis
669 3126 840 3216 fuerant,
863 3142 927 3199 aut
948 3154 1062 3217 noce·

59 3280 147 3338 rent
187 3262 264 3360 (a),
298 3272 360 3330 aut
393 3253 737 3334 abominationem,
779 3245 921 3328 nedum
961 3246 1063 3321 fasti-
1143 3341 1146 3348 Ι

62 3385 167 3456 dium
185 3379 260 3479 (3),
278 3387 459 3460 crearent.
479 3375 621 3444 Verum
645 3381 688 3438 ut
713 3363 791 3435 haec
811 3389 871 3437 me
901 3391 981 3437 non
1000 3392 1062 3440 re·

69 3545 1059 3580 ww

102 3682 148 3764 (ι)
168 3677 346 3754 InAppend.
361 3675 400 3732 ad
413 3667 651 3730 Metallothecam
662 3667 838 3726 Vaticmn
850 3665 983 3723 Mercari.

102 3783 148 3860 (α)
167 3781 238 3838 Vid.
253 3777 363 3835 Gentil.
374 3778 521 3832 Annotaz.
546 3772 604 3826 alla
621 3787 688 3846 pag.
703 3769 760 3840 73,
774 3786 804 3824 v.
817 3765 872 3840 25,
894 3765 971 3834 della
990 3765 1066 3819 Lett.

68 3883 118 3940 filo
136 3923 143 3938 .

106 3903 148 4060 (di
169 3971 482 4040 transmeent.
497 3971 557 4028 aliu
565 3967 697 4046 oppetis,
787 3971 789 3976 '

1009 4055 1093 4146 ‘i
