<?xml version="1.0" encoding="UTF-8"?>
<!DOCTYPE html PUBLIC "-//W3C//DTD XHTML 1.0 Transitional//EN"
    "http://www.w3.org/TR/xhtml1/DTD/xhtml1-transitional.dtd">
<html xmlns="http://www.w3.org/1999/xhtml" xml:lang="en" lang="en">
 <head>
  <title>
</title>
<meta http-equiv="Content-Type" content="text/html;charset=utf-8" />
  <meta name='ocr-system' content='tesseract 3.04.00' />
  <meta name='ocr-capabilities' content='ocr_page ocr_carea ocr_par ocr_line ocrx_word'/>
</head>
<body>
  <div class='ocr_page' id='page_1' title='image "./desedibusetcaus02adelgoog_0048.png"; bbox 0 0 2858 4658; ppageno 0'>
   <div class='ocr_carea' id='block_1_1' title="bbox 173 390 1115 488">
    <p class='ocr_par' dir='ltr' id='par_1_1' title="bbox 173 390 1115 488">
     <span class='ocr_line' id='line_1_1' title="bbox 173 390 1115 488; baseline 0.003 -29"><span class='ocrx_word' id='word_1_1' title='bbox 173 411 242 459; x_wconf 77' lang='lat' dir='ltr'>um.</span> <span class='ocrx_word' id='word_1_2' title='bbox 258 409 311 457; x_wconf 72' lang='grc' dir='ltr'>ιν.</span> <span class='ocrx_word' id='word_1_3' title='bbox 326 409 379 458; x_wconf 77' lang='lat' dir='ltr'>us</span> <span class='ocrx_word' id='word_1_4' title='bbox 389 401 817 475; x_wconf 79' lang='lat' dir='ltr'>uonu1scmnunc.,etc.</span> <span class='ocrx_word' id='word_1_5' title='bbox 832 397 943 460; x_wconf 80' lang='lat' dir='ltr'>musr.</span> <span class='ocrx_word' id='word_1_6' title='bbox 958 413 1014 462; x_wconf 82' lang='lat' dir='ltr'>cv.</span> <span class='ocrx_word' id='word_1_7' title='bbox 1065 390 1115 488; x_wconf 84' lang='lat'>39</span> 
     </span>
    </p>
   </div>
   <div class='ocr_carea' id='block_1_2' title="bbox 45 523 1181 3672">
    <p class='ocr_par' dir='ltr' id='par_1_2' title="bbox 45 523 1181 3672">
     <span class='ocr_line' id='line_1_2' title="bbox 114 523 1119 624; baseline 0.002 -28"><span class='ocrx_word' id='word_1_8' title='bbox 114 531 268 623; x_wconf 88' lang='lat' dir='ltr'>quoque</span> <span class='ocrx_word' id='word_1_9' title='bbox 286 525 360 596; x_wconf 87' lang='lat' dir='ltr'>alio</span> <span class='ocrx_word' id='word_1_10' title='bbox 374 526 582 622; x_wconf 83' lang='lat' dir='ltr'><strong>spectantia</strong></span> <span class='ocrx_word' id='word_1_11' title='bbox 595 523 723 596; x_wconf 89' lang='lat' dir='ltr'>ulcera</span> <span class='ocrx_word' id='word_1_12' title='bbox 734 527 873 598; x_wconf 82' lang='lat' dir='ltr'>nostris</span> <span class='ocrx_word' id='word_1_13' title='bbox 886 549 981 624; x_wconf 86' lang='lat' dir='ltr'>saepe</span> <span class='ocrx_word' id='word_1_14' title='bbox 994 527 1119 600; x_wconf 73' lang='lat' dir='ltr'>obsen</span> 
     </span>
     <span class='ocr_line' id='line_1_3' title="bbox 112 643 1116 740; baseline 0.004 -26"><span class='ocrx_word' id='word_1_15' title='bbox 112 643 328 715; x_wconf 81' lang='lat' dir='ltr'>rationibus</span> <span class='ocrx_word' id='word_1_16' title='bbox 353 643 638 740; x_wconf 77' lang='lat' dir='ltr'>proposuimus,</span> <span class='ocrx_word' id='word_1_17' title='bbox 667 667 770 714; x_wconf 88' lang='lat' dir='ltr'>nunc</span> <span class='ocrx_word' id='word_1_18' title='bbox 799 643 847 718; x_wconf 85' lang='lat' dir='ltr'>ad</span> <span class='ocrx_word' id='word_1_19' title='bbox 876 644 1116 718; x_wconf 80' lang='lat' dir='ltr'>abscessuum</span> 
     </span>
     <span class='ocr_line' id='line_1_4' title="bbox 112 749 1116 856; baseline 0.002 -24"><span class='ocrx_word' id='word_1_20' title='bbox 112 762 234 848; x_wconf 88' lang='lat' dir='ltr'>sinus,</span> <span class='ocrx_word' id='word_1_21' title='bbox 256 776 294 832; x_wconf 90' lang='lat' dir='ltr'>ct</span> <span class='ocrx_word' id='word_1_22' title='bbox 311 760 516 856; x_wconf 86' lang='lat' dir='ltr'>subjectam</span> <span class='ocrx_word' id='word_1_23' title='bbox 527 761 663 832; x_wconf 87' lang='lat' dir='ltr'>cariem</span> <span class='ocrx_word' id='word_1_24' title='bbox 673 813 685 846; x_wconf 89' lang='lat'>,</span> <span class='ocrx_word' id='word_1_25' title='bbox 700 749 803 832; x_wconf 87' lang='lat' dir='ltr'>nunc</span> <span class='ocrx_word' id='word_1_26' title='bbox 820 759 867 832; x_wconf 88' lang='lat' dir='ltr'>ad</span> <span class='ocrx_word' id='word_1_27' title='bbox 882 762 1116 834; x_wconf 85' lang='lat' dir='ltr'>exulceratos</span> 
     </span>
     <span class='ocr_line' id='line_1_5' title="bbox 45 877 1116 976; baseline 0.001 -27"><span class='ocrx_word' id='word_1_28' title='bbox 45 925 49 930; x_wconf 96' lang='lat'>-</span> <span class='ocrx_word' id='word_1_29' title='bbox 112 894 305 964; x_wconf 87' lang='lat' dir='ltr'>tumores,</span> <span class='ocrx_word' id='word_1_30' title='bbox 324 893 361 948; x_wconf 90' lang='lat' dir='ltr'>et</span> <span class='ocrx_word' id='word_1_31' title='bbox 385 901 620 976; x_wconf 69' lang='lat' dir='ltr'>gangrenam</span> <span class='ocrx_word' id='word_1_32' title='bbox 637 877 925 976; x_wconf 86' lang='lat' dir='ltr'>pertinentibus.</span> <span class='ocrx_word' id='word_1_33' title='bbox 945 882 1116 970; x_wconf 82' lang='lat' dir='ltr'>Quarum</span> 
     </span>
     <span class='ocr_line' id='line_1_6' title="bbox 112 993 1181 1093; baseline 0 -25"><span class='ocrx_word' id='word_1_34' title='bbox 112 993 939 1091; x_wconf 74' lang='lat' dir='ltr'>uonvacatobservationumlocaomniabic</span> <span class='ocrx_word' id='word_1_35' title='bbox 957 997 1118 1093; x_wconf 82' lang='lat' dir='ltr'>singilla-</span> <span class='ocrx_word' id='word_1_36' title='bbox 1179 1019 1181 1024; x_wconf 81' lang='grc'><strong>’</strong></span> 
     </span>
     <span class='ocr_line' id='line_1_7' title="bbox 112 1113 1121 1212; baseline 0 -26"><span class='ocrx_word' id='word_1_37' title='bbox 112 1116 177 1186; x_wconf 92' lang='lat' dir='ltr'>tim</span> <span class='ocrx_word' id='word_1_38' title='bbox 195 1113 378 1206; x_wconf 77' lang='lat' dir='ltr'>indicare.</span> <span class='ocrx_word' id='word_1_39' title='bbox 400 1119 509 1184; x_wconf 82' lang='lat' dir='ltr'>Juvat</span> <span class='ocrx_word' id='word_1_40' title='bbox 527 1113 858 1212; x_wconf 84' lang='lat' dir='ltr'>potius-nonnulla</span> <span class='ocrx_word' id='word_1_41' title='bbox 874 1139 957 1212; x_wconf 83' lang='lat' dir='ltr'>quae</span> <span class='ocrx_word' id='word_1_42' title='bbox 973 1114 1019 1187; x_wconf 89' lang='lat' dir='ltr'>ad</span> <span class='ocrx_word' id='word_1_43' title='bbox 1031 1115 1121 1186; x_wconf 84' lang='lat' dir='ltr'>duo.</span> 
     </span>
     <span class='ocr_line' id='line_1_8' title="bbox 112 1229 1115 1330; baseline -0.002 -26"><span class='ocrx_word' id='word_1_44' title='bbox 112 1233 230 1304; x_wconf 92' lang='lat' dir='ltr'>modo</span> <span class='ocrx_word' id='word_1_45' title='bbox 259 1247 466 1304; x_wconf 84' lang='lat' dir='ltr'>memorata</span> <span class='ocrx_word' id='word_1_46' title='bbox 495 1232 616 1330; x_wconf 87' lang='lat' dir='ltr'>capita</span> <span class='ocrx_word' id='word_1_47' title='bbox 645 1229 877 1319; x_wconf 88' lang='lat' dir='ltr'>referuntur,</span> <span class='ocrx_word' id='word_1_48' title='bbox 907 1231 1115 1328; x_wconf 81' lang='lat' dir='ltr'>subjicere,</span> 
     </span>
     <span class='ocr_line' id='line_1_9' title="bbox 113 1345 1117 1447; baseline 0.001 -27"><span class='ocrx_word' id='word_1_49' title='bbox 113 1349 372 1447; x_wconf 71' lang='lat' dir='ltr'>praetermissis</span> <span class='ocrx_word' id='word_1_50' title='bbox 395 1351 537 1420; x_wconf 88' lang='lat' dir='ltr'>caeteris</span> <span class='ocrx_word' id='word_1_51' title='bbox 558 1345 640 1446; x_wconf 65' lang='lat' dir='ltr'>quae</span> <span class='ocrx_word' id='word_1_52' title='bbox 665 1349 792 1420; x_wconf 90' lang='lat' dir='ltr'>minus</span> <span class='ocrx_word' id='word_1_53' title='bbox 819 1365 1034 1446; x_wconf 85' lang='lat' dir='ltr'>opportune</span> <span class='ocrx_word' id='word_1_54' title='bbox 1057 1375 1117 1422; x_wconf 85' lang='lat' dir='ltr'>re·</span> 
     </span>
     <span class='ocr_line' id='line_1_10' title="bbox 115 1467 1116 1565; baseline 0 -27"><span class='ocrx_word' id='word_1_55' title='bbox 115 1467 202 1540; x_wconf 86' lang='lat' dir='ltr'>lerri</span> <span class='ocrx_word' id='word_1_56' title='bbox 218 1467 315 1556; x_wconf 83' lang='lat' dir='ltr'>liuc,</span> <span class='ocrx_word' id='word_1_57' title='bbox 331 1467 460 1556; x_wconf 80' lang='lat' dir='ltr'>video,</span> <span class='ocrx_word' id='word_1_58' title='bbox 484 1481 526 1540; x_wconf 90' lang='lat' dir='ltr'>ut</span> <span class='ocrx_word' id='word_1_59' title='bbox 546 1491 633 1538; x_wconf 90' lang='lat' dir='ltr'>cum</span> <span class='ocrx_word' id='word_1_60' title='bbox 652 1469 691 1538; x_wconf 90' lang='lat' dir='ltr'>in</span> <span class='ocrx_word' id='word_1_61' title='bbox 707 1469 872 1540; x_wconf 78' lang='lat' dir='ltr'>sectione</span> <span class='ocrx_word' id='word_1_62' title='bbox 896 1467 966 1539; x_wconf 88' lang='lat' dir='ltr'>hac</span> <span class='ocrx_word' id='word_1_63' title='bbox 982 1469 1116 1565; x_wconf 77' lang='lat' dir='ltr'>‚Sepul-</span> 
     </span>
     <span class='ocr_line' id='line_1_11' title="bbox 116 1571 1114 1682; baseline 0 -24"><span class='ocrx_word' id='word_1_64' title='bbox 116 1584 428 1681; x_wconf 83' lang='lat' dir='ltr'>cbreti(1).inter</span> <span class='ocrx_word' id='word_1_65' title='bbox 454 1571 581 1656; x_wconf 82' lang='lat' dir='ltr'>ulcera</span> <span class='ocrx_word' id='word_1_66' title='bbox 611 1583 836 1682; x_wconf 87' lang='lat' dir='ltr'>producitur</span> <span class='ocrx_word' id='word_1_67' title='bbox 867 1607 973 1658; x_wconf 84' lang='lat' dir='ltr'>casus</span> <span class='ocrx_word' id='word_1_68' title='bbox 1002 1583 1114 1658; x_wconf 86' lang='lat' dir='ltr'>foetus</span> 
     </span>
     <span class='ocr_line' id='line_1_12' title="bbox 116 1700 1118 1801; baseline 0.001 -27"><span class='ocrx_word' id='word_1_69' title='bbox 116 1703 359 1801; x_wconf 74' lang='lat' dir='ltr'>septimestris</span> <span class='ocrx_word' id='word_1_70' title='bbox 372 1700 528 1774; x_wconf 85' lang='lat' dir='ltr'>cerebro</span> <span class='ocrx_word' id='word_1_71' title='bbox 544 1703 727 1784; x_wconf 83' lang='lat' dir='ltr'>carentis,</span> <span class='ocrx_word' id='word_1_72' title='bbox 741 1725 853 1799; x_wconf 90' lang='lat' dir='ltr'>quem</span> <span class='ocrx_word' id='word_1_73' title='bbox 865 1725 951 1792; x_wconf 86' lang='lat' dir='ltr'>cum</span> <span class='ocrx_word' id='word_1_74' title='bbox 967 1704 1010 1774; x_wconf 93' lang='lat' dir='ltr'>iis</span> <span class='ocrx_word' id='word_1_75' title='bbox 1023 1727 1118 1774; x_wconf 82' lang='lat' dir='ltr'>con·</span> 
     </span>
     <span class='ocr_line' id='line_1_13' title="bbox 116 1812 1122 1917; baseline 0.002 -27"><span class='ocrx_word' id='word_1_76' title='bbox 116 1812 210 1892; x_wconf 85' lang='lat' dir='ltr'>ferre</span> <span class='ocrx_word' id='word_1_77' title='bbox 228 1821 383 1917; x_wconf 89' lang='lat' dir='ltr'>poteris.</span> <span class='ocrx_word' id='word_1_78' title='bbox 399 1842 495 1916; x_wconf 86' lang='lat' dir='ltr'>quos</span> <span class='ocrx_word' id='word_1_79' title='bbox 513 1820 563 1890; x_wconf 88' lang='lat' dir='ltr'>sic</span> <span class='ocrx_word' id='word_1_80' title='bbox 582 1817 719 1908; x_wconf 82' lang='lat' dir='ltr'>editos,</span> <span class='ocrx_word' id='word_1_81' title='bbox 738 1844 783 1891; x_wconf 85' lang='lat' dir='ltr'>ex</span> <span class='ocrx_word' id='word_1_82' title='bbox 808 1821 947 1890; x_wconf 82' lang='lat' dir='ltr'>nostris</span> <span class='ocrx_word' id='word_1_83' title='bbox 968 1836 1004 1892; x_wconf 89' lang='lat' dir='ltr'>et</span> <span class='ocrx_word' id='word_1_84' title='bbox 1023 1821 1122 1892; x_wconf 86' lang='lat' dir='ltr'>alio-·</span> 
     </span>
     <span class='ocr_line' id='line_1_14' title="bbox 117 1931 1115 2033; baseline 0.002 -26"><span class='ocrx_word' id='word_1_85' title='bbox 117 1963 197 2008; x_wconf 89' lang='lat' dir='ltr'>rum</span> <span class='ocrx_word' id='word_1_86' title='bbox 218 1931 566 2024; x_wconf 85' lang='lat' dir='ltr'>observationibus,</span> <span class='ocrx_word' id='word_1_87' title='bbox 596 1936 710 2026; x_wconf 83' lang='lat' dir='ltr'>loco,</span> <span class='ocrx_word' id='word_1_88' title='bbox 733 1951 777 2008; x_wconf 91' lang='lat' dir='ltr'>ut</span> <span class='ocrx_word' id='word_1_89' title='bbox 791 1951 986 2033; x_wconf 86' lang='lat' dir='ltr'>putamus,</span> <span class='ocrx_word' id='word_1_90' title='bbox 1005 1937 1052 2008; x_wconf 88' lang='lat' dir='ltr'>ad</span> <span class='ocrx_word' id='word_1_91' title='bbox 1075 1937 1115 2009; x_wconf 91' lang='lat' dir='ltr'>id</span> 
     </span>
     <span class='ocr_line' id='line_1_15' title="bbox 119 2042 1116 2152; baseline -0.002 -26"><span class='ocrx_word' id='word_1_92' title='bbox 119 2057 259 2152; x_wconf 81' lang='lat' dir='ltr'>aptiore</span> <span class='ocrx_word' id='word_1_93' title='bbox 278 2051 335 2150; x_wconf 77' lang='lat' dir='ltr'>(a)</span> <span class='ocrx_word' id='word_1_94' title='bbox 357 2054 658 2126; x_wconf 82' lang='lat' dir='ltr'>memoravimus.</span> <span class='ocrx_word' id='word_1_95' title='bbox 689 2053 805 2144; x_wconf 89' lang='lat' dir='ltr'>Quod</span> <span class='ocrx_word' id='word_1_96' title='bbox 827 2042 941 2152; x_wconf 76' lang='lat' dir='ltr'>igitul</span> <span class='ocrx_word' id='word_1_97' title='bbox 971 2054 1017 2126; x_wconf 86' lang='lat' dir='ltr'>ad</span> <span class='ocrx_word' id='word_1_98' title='bbox 1037 2055 1116 2152; x_wconf 86' lang='lat' dir='ltr'>pri-</span> 
     </span>
     <span class='ocr_line' id='line_1_16' title="bbox 119 2169 1117 2270; baseline 0.002 -28"><span class='ocrx_word' id='word_1_99' title='bbox 119 2197 220 2244; x_wconf 91' lang='lat' dir='ltr'>mum</span> <span class='ocrx_word' id='word_1_100' title='bbox 242 2170 376 2244; x_wconf 87' lang='lat' dir='ltr'>attinet</span> <span class='ocrx_word' id='word_1_101' title='bbox 395 2169 447 2259; x_wconf 39' lang='lat' dir='ltr'>de,</span> <span class='ocrx_word' id='word_1_102' title='bbox 471 2169 623 2242; x_wconf 87' lang='lat' dir='ltr'>duobus</span> <span class='ocrx_word' id='word_1_103' title='bbox 647 2171 720 2244; x_wconf 91' lang='lat' dir='ltr'>illis</span> <span class='ocrx_word' id='word_1_104' title='bbox 749 2169 954 2270; x_wconf 84' lang='lat' dir='ltr'>capitibus,</span> <span class='ocrx_word' id='word_1_105' title='bbox 979 2195 1117 2270; x_wconf 87' lang='lat' dir='ltr'>nempe</span> 
     </span>
     <span class='ocr_line' id='line_1_17' title="bbox 119 2289 1115 2377; baseline 0.001 -16"><span class='ocrx_word' id='word_1_106' title='bbox 119 2289 162 2362; x_wconf 83' lang='lat' dir='ltr'>ad</span> <span class='ocrx_word' id='word_1_107' title='bbox 187 2289 433 2362; x_wconf 79' lang='lat' dir='ltr'>abscessuum</span> <span class='ocrx_word' id='word_1_108' title='bbox 452 2289 577 2377; x_wconf 90' lang='lat' dir='ltr'>sinus,</span> <span class='ocrx_word' id='word_1_109' title='bbox 604 2290 651 2360; x_wconf 87' lang='lat' dir='ltr'>de</span> <span class='ocrx_word' id='word_1_110' title='bbox 681 2290 775 2362; x_wconf 90' lang='lat' dir='ltr'>meis</span> <span class='ocrx_word' id='word_1_111' title='bbox 800 2313 931 2374; x_wconf 87' lang='lat' dir='ltr'>eorum</span> <span class='ocrx_word' id='word_1_112' title='bbox 958 2291 1115 2362; x_wconf 84' lang='lat' dir='ltr'>curatio-</span> 
     </span>
     <span class='ocr_line' id='line_1_18' title="bbox 118 2407 1115 2504; baseline 0.002 -26"><span class='ocrx_word' id='word_1_113' title='bbox 118 2407 227 2484; x_wconf 88' lang='lat' dir='ltr'>nibus</span> <span class='ocrx_word' id='word_1_114' title='bbox 279 2407 394 2479; x_wconf 90' lang='lat' dir='ltr'>unius</span> <span class='ocrx_word' id='word_1_115' title='bbox 441 2407 679 2504; x_wconf 83' lang='lat' dir='ltr'>potissimum</span> <span class='ocrx_word' id='word_1_116' title='bbox 717 2408 821 2480; x_wconf 83' lang='lat' dir='ltr'>venit</span> <span class='ocrx_word' id='word_1_117' title='bbox 853 2410 892 2480; x_wconf 88' lang='lat' dir='ltr'>iu</span> <span class='ocrx_word' id='word_1_118' title='bbox 926 2424 1115 2498; x_wconf 88' lang='lat' dir='ltr'>mentem,</span> 
     </span>
     <span class='ocr_line' id='line_1_19' title="bbox 119 2521 1118 2624; baseline 0 -28"><span class='ocrx_word' id='word_1_119' title='bbox 119 2550 228 2622; x_wconf 88' lang='lat' dir='ltr'>quam</span> <span class='ocrx_word' id='word_1_120' title='bbox 243 2549 293 2596; x_wconf 89' lang='lat' dir='ltr'>eo</span> <span class='ocrx_word' id='word_1_121' title='bbox 308 2523 485 2596; x_wconf 86' lang='lat' dir='ltr'>libentius</span> <span class='ocrx_word' id='word_1_122' title='bbox 500 2523 564 2596; x_wconf 89' lang='lat' dir='ltr'>hic</span> <span class='ocrx_word' id='word_1_123' title='bbox 581 2521 759 2610; x_wconf 79' lang='lat' dir='ltr'>reseram,</span> <span class='ocrx_word' id='word_1_124' title='bbox 775 2525 880 2623; x_wconf 92' lang='lat' dir='ltr'>quod</span> <span class='ocrx_word' id='word_1_125' title='bbox 893 2549 962 2624; x_wconf 82' lang='lat' dir='ltr'>per</span> <span class='ocrx_word' id='word_1_126' title='bbox 978 2526 1015 2596; x_wconf 86' lang='lat' dir='ltr'>id</span> <span class='ocrx_word' id='word_1_127' title='bbox 1030 2549 1118 2624; x_wconf 82' lang='lat' dir='ltr'>prse-</span> 
     </span>
     <span class='ocr_line' id='line_1_20' title="bbox 119 2641 1117 2740; baseline -0.001 -27"><span class='ocrx_word' id='word_1_128' title='bbox 119 2643 251 2714; x_wconf 90' lang='lat' dir='ltr'>sidium</span> <span class='ocrx_word' id='word_1_129' title='bbox 272 2657 424 2740; x_wconf 85' lang='lat' dir='ltr'>peracta</span> <span class='ocrx_word' id='word_1_130' title='bbox 446 2657 520 2730; x_wconf 86' lang='lat' dir='ltr'>est,</span> <span class='ocrx_word' id='word_1_131' title='bbox 539 2642 647 2738; x_wconf 77' lang='lat' dir='ltr'>cujus</span> <span class='ocrx_word' id='word_1_132' title='bbox 670 2641 747 2712; x_wconf 85' lang='lat' dir='ltr'>vim</span> <span class='ocrx_word' id='word_1_133' title='bbox 769 2641 946 2714; x_wconf 79' lang='lat' dir='ltr'>adversus</span> <span class='ocrx_word' id='word_1_134' title='bbox 968 2643 1028 2714; x_wconf 87' lang='lat' dir='ltr'>vel</span> <span class='ocrx_word' id='word_1_135' title='bbox 1047 2643 1117 2712; x_wconf 89' lang='lat' dir='ltr'>mi-</span> 
     </span>
     <span class='ocr_line' id='line_1_21' title="bbox 119 2757 1117 2856; baseline 0 -26"><span class='ocrx_word' id='word_1_136' title='bbox 119 2775 203 2832; x_wconf 88' lang='lat' dir='ltr'>nuta</span> <span class='ocrx_word' id='word_1_137' title='bbox 220 2758 417 2832; x_wconf 88' lang='lat' dir='ltr'>ulcuscula</span> <span class='ocrx_word' id='word_1_138' title='bbox 435 2757 684 2856; x_wconf 85' lang='lat' dir='ltr'>peculiarem,</span> <span class='ocrx_word' id='word_1_139' title='bbox 700 2758 740 2830; x_wconf 88' lang='lat' dir='ltr'>id</span> <span class='ocrx_word' id='word_1_140' title='bbox 752 2773 815 2830; x_wconf 38' lang='lat' dir='ltr'>,est</span> <span class='ocrx_word' id='word_1_141' title='bbox 838 2759 1014 2846; x_wconf 80' lang='lat' dir='ltr'>adversus</span> <span class='ocrx_word' id='word_1_142' title='bbox 1036 2781 1117 2832; x_wconf 75' lang='lat' dir='ltr'>sca‘-</span> 
     </span>
     <span class='ocr_line' id='line_1_22' title="bbox 119 2874 1117 2975; baseline 0 -27"><span class='ocrx_word' id='word_1_143' title='bbox 119 2874 215 2950; x_wconf 89' lang='lat' dir='ltr'>biem</span> <span class='ocrx_word' id='word_1_144' title='bbox 232 2877 280 2948; x_wconf 91' lang='lat' dir='ltr'>de</span> <span class='ocrx_word' id='word_1_145' title='bbox 299 2901 374 2975; x_wconf 86' lang='lat' dir='ltr'>qua</span> <span class='ocrx_word' id='word_1_146' title='bbox 393 2876 665 2974; x_wconf 85' lang='lat' dir='ltr'>supradictum</span> <span class='ocrx_word' id='word_1_147' title='bbox 687 2876 759 2966; x_wconf 82' lang='lat' dir='ltr'>ost,</span> <span class='ocrx_word' id='word_1_148' title='bbox 778 2877 817 2948; x_wconf 94' lang='lat' dir='ltr'>in</span> <span class='ocrx_word' id='word_1_149' title='bbox 836 2875 993 2948; x_wconf 88' lang='lat' dir='ltr'>dubium</span> <span class='ocrx_word' id='word_1_150' title='bbox 1012 2901 1117 2949; x_wconf 90' lang='lat' dir='ltr'>nunc</span> 
     </span>
     <span class='ocr_line' id='line_1_23' title="bbox 120 2993 1116 3094; baseline 0 -28"><span class='ocrx_word' id='word_1_151' title='bbox 120 2995 213 3068; x_wconf 84' lang='lat' dir='ltr'>trabi</span> <span class='ocrx_word' id='word_1_152' title='bbox 228 2995 276 3066; x_wconf 89' lang='lat' dir='ltr'>ab</span> <span class='ocrx_word' id='word_1_153' title='bbox 294 2993 491 3066; x_wconf 89' lang='lat' dir='ltr'>nonnullis</span> <span class='ocrx_word' id='word_1_154' title='bbox 502 2993 629 3082; x_wconf 88' lang='lat' dir='ltr'>video,</span> <span class='ocrx_word' id='word_1_155' title='bbox 660 2995 911 3094; x_wconf 89' lang='lat' dir='ltr'>inprimisque</span> <span class='ocrx_word' id='word_1_156' title='bbox 931 2995 1116 3068; x_wconf 14' lang='lat' dir='ltr'>aaemedico</span> 
     </span>
     <span class='ocr_line' id='line_1_24' title="bbox 120 3113 1120 3212; baseline 0.001 -29"><span class='ocrx_word' id='word_1_157' title='bbox 120 3113 287 3211; x_wconf 82' lang='lat' dir='ltr'>alioquin</span> <span class='ocrx_word' id='word_1_158' title='bbox 309 3113 641 3212; x_wconf 84' lang='lat' dir='ltr'>experientissimo.</span> <span class='ocrx_word' id='word_1_159' title='bbox 674 3116 808 3186; x_wconf 85' lang='lat' dir='ltr'>Senem</span> <span class='ocrx_word' id='word_1_160' title='bbox 831 3118 936 3210; x_wconf 84' lang='lat' dir='ltr'>acque</span> <span class='ocrx_word' id='word_1_161' title='bbox 960 3127 1120 3210; x_wconf 84' lang='lat' dir='ltr'>genero·</span> 
     </span>
     <span class='ocr_line' id='line_1_25' title="bbox 121 3229 1148 3328; baseline 0 -26"><span class='ocrx_word' id='word_1_162' title='bbox 121 3253 200 3302; x_wconf 88' lang='lat' dir='ltr'>sum</span> <span class='ocrx_word' id='word_1_163' title='bbox 226 3255 270 3302; x_wconf 86' lang='lat' dir='ltr'>ac</span> <span class='ocrx_word' id='word_1_164' title='bbox 295 3231 419 3328; x_wconf 88' lang='lat' dir='ltr'>pium,</span> <span class='ocrx_word' id='word_1_165' title='bbox 447 3230 709 3318; x_wconf 88' lang='lat' dir='ltr'>Foruliviensis</span> <span class='ocrx_word' id='word_1_166' title='bbox 738 3229 908 3302; x_wconf 86' lang='lat' dir='ltr'>Ecclesiae</span> <span class='ocrx_word' id='word_1_167' title='bbox 930 3229 1148 3310; x_wconf 73' lang='lat' dir='ltr'>Archidia·&#39;</span> 
     </span>
     <span class='ocr_line' id='line_1_26' title="bbox 122 3346 1114 3445; baseline -0.001 -27"><span class='ocrx_word' id='word_1_168' title='bbox 122 3371 278 3436; x_wconf 85' lang='lat' dir='ltr'>conum,</span> <span class='ocrx_word' id='word_1_169' title='bbox 292 3346 525 3422; x_wconf 86' lang='lat' dir='ltr'>Ludovicum</span> <span class='ocrx_word' id='word_1_170' title='bbox 541 3347 799 3434; x_wconf 87' lang='lat' dir='ltr'>Albertinum,</span> <span class='ocrx_word' id='word_1_171' title='bbox 817 3372 904 3420; x_wconf 88' lang='lat' dir='ltr'>vere</span> <span class='ocrx_word' id='word_1_172' title='bbox 920 3349 1010 3428; x_wconf 86' lang='lat' dir='ltr'>anni</span> <span class='ocrx_word' id='word_1_173' title='bbox 1029 3373 1114 3445; x_wconf 81' lang='lat'>¹7¹1</span> 
     </span>
     <span class='ocr_line' id='line_1_27' title="bbox 122 3463 1120 3564; baseline 0.002 -30"><span class='ocrx_word' id='word_1_174' title='bbox 122 3463 268 3563; x_wconf 86' lang='lat' dir='ltr'>dysuria</span> <span class='ocrx_word' id='word_1_175' title='bbox 281 3464 449 3562; x_wconf 65' lang='lat' dir='ltr'>quaedam</span> <span class='ocrx_word' id='word_1_176' title='bbox 468 3489 602 3536; x_wconf 84' lang='lat' dir='ltr'>vexare</span> <span class='ocrx_word' id='word_1_177' title='bbox 616 3480 799 3563; x_wconf 85' lang='lat' dir='ltr'>coeperat:</span> <span class='ocrx_word' id='word_1_178' title='bbox 817 3489 930 3564; x_wconf 88' lang='lat' dir='ltr'>quam</span> <span class='ocrx_word' id='word_1_179' title='bbox 949 3488 1034 3536; x_wconf 91' lang='lat' dir='ltr'>cum</span> <span class='ocrx_word' id='word_1_180' title='bbox 1054 3464 1120 3536; x_wconf 87' lang='lat' dir='ltr'>de·</span> 
     </span>
     <span class='ocr_line' id='line_1_28' title="bbox 123 3579 1120 3672; baseline 0.003 -21"><span class='ocrx_word' id='word_1_181' title='bbox 123 3579 372 3655; x_wconf 90' lang='lat' dir='ltr'>mulcentibus</span> <span class='ocrx_word' id='word_1_182' title='bbox 405 3583 523 3656; x_wconf 88' lang='lat' dir='ltr'>lenire</span> <span class='ocrx_word' id='word_1_183' title='bbox 553 3582 772 3672; x_wconf 86' lang='lat' dir='ltr'>studerent,</span> <span class='ocrx_word' id='word_1_184' title='bbox 809 3607 895 3655; x_wconf 89' lang='lat' dir='ltr'>crus</span> <span class='ocrx_word' id='word_1_185' title='bbox 927 3583 1120 3654; x_wconf 84' lang='lat' dir='ltr'>sinistrum</span> 
     </span>
    </p>
   </div>
   <div class='ocr_carea' id='block_1_3' title="bbox 1074 3739 1088 3760">
    <p class='ocr_par' dir='ltr' id='par_1_3' title="bbox 1074 3739 1088 3760">
     <span class='ocr_line' id='line_1_29' title="bbox 1074 3739 1088 3760; baseline 0 0"><span class='ocrx_word' id='word_1_186' title='bbox 1074 3739 1088 3760; x_wconf 69' lang='lat' dir='ltr'>*u</span> 
     </span>
    </p>
   </div>
   <div class='ocr_carea' id='block_1_4' title="bbox 103 3861 1056 4044">
    <p class='ocr_par' dir='ltr' id='par_1_4' title="bbox 103 3861 1056 4044">
     <span class='ocr_line' id='line_1_30' title="bbox 162 3861 722 3952; baseline 0.014 -33"><span class='ocrx_word' id='word_1_187' title='bbox 162 3861 203 3942; x_wconf 79' lang='grc' dir='ltr'>(ι)</span> <span class='ocrx_word' id='word_1_188' title='bbox 223 3866 297 3924; x_wconf 82' lang='lat' dir='ltr'>obs.</span> <span class='ocrx_word' id='word_1_189' title='bbox 315 3887 347 3941; x_wconf 90' lang='lat'>1,</span> <span class='ocrx_word' id='word_1_190' title='bbox 367 3871 383 3939; x_wconf 77' lang='lat' dir='ltr'>S</span> <span class='ocrx_word' id='word_1_191' title='bbox 402 3867 430 3926; x_wconf 75' lang='grc'>3.</span> <span class='ocrx_word' id='word_1_192' title='bbox 720 3948 722 3952; x_wconf 93' lang='lat'>.</span> 
     </span>
     <span class='ocr_line' id='line_1_31' title="bbox 103 3959 1056 4044; baseline 0.004 -26"><span class='ocrx_word' id='word_1_193' title='bbox 103 3976 110 3989; x_wconf 75' lang='grc'><strong>“</strong></span> <span class='ocrx_word' id='word_1_194' title='bbox 164 3960 204 4041; x_wconf 78' lang='lat' dir='ltr'>(a)</span> <span class='ocrx_word' id='word_1_195' title='bbox 224 3965 318 4042; x_wconf 78' lang='lat' dir='ltr'>Epist</span> <span class='ocrx_word' id='word_1_196' title='bbox 339 3983 392 4040; x_wconf 79' lang='lat' dir='ltr'>aa,</span> <span class='ocrx_word' id='word_1_197' title='bbox 406 3985 439 4024; x_wconf 86' lang='lat' dir='ltr'>n.</span> <span class='ocrx_word' id='word_1_198' title='bbox 456 3963 517 4026; x_wconf 72' lang='lat' dir='ltr'>bet</span> <span class='ocrx_word' id='word_1_199' title='bbox 530 3984 612 4044; x_wconf 62' lang='lat' dir='ltr'>seq„</span> <span class='ocrx_word' id='word_1_200' title='bbox 623 3977 657 4026; x_wconf 86' lang='lat' dir='ltr'>ct</span> <span class='ocrx_word' id='word_1_201' title='bbox 665 3965 761 4042; x_wconf 83' lang='lat' dir='ltr'>Epist.</span> <span class='ocrx_word' id='word_1_202' title='bbox 776 3966 830 4044; x_wconf 78' lang='lat' dir='ltr'>ts,</span> <span class='ocrx_word' id='word_1_203' title='bbox 842 3986 875 4024; x_wconf 70' lang='grc' dir='ltr'>ιι.</span> <span class='ocrx_word' id='word_1_204' title='bbox 885 3965 922 4035; x_wconf 74' lang='lat'>48</span> <span class='ocrx_word' id='word_1_205' title='bbox 935 3975 964 4022; x_wconf 90' lang='lat' dir='ltr'>et</span> <span class='ocrx_word' id='word_1_206' title='bbox 979 3977 1041 4043; x_wconf 80' lang='lat' dir='ltr'>seq.</span> <span class='ocrx_word' id='word_1_207' title='bbox 1054 3959 1056 3966; x_wconf 84' lang='lat'>&#39;</span> 
     </span>
    </p>
   </div>
   <div class='ocr_carea' id='block_1_5' title="bbox 0 0 1445 4658">
    <p class='ocr_par' dir='ltr' id='par_1_5' title="bbox 0 0 1445 4658">
     <span class='ocr_line' id='line_1_32' title="bbox 0 0 1445 4658; baseline 0 0"><span class='ocrx_word' id='word_1_208' title='bbox 0 0 1445 4658; x_wconf 95' lang='lat' dir='ltr'> </span> 
     </span>
    </p>
   </div>
  </div>
 </body>
</html>
