2824 4652
75 487 158 536 ιιι.
168 483 594 540 murmurmurmur
604 485 913 538 commoramur.
922 486 1019 537 cuv.
1036 443 1115 592 ⁵⁰1⁷.

77 601 133 673 ad
164 600 289 700 hujus
311 622 432 702 usque
464 597 729 714 nigredinem
725 601 893 677 tumidis
926 602 1107 703 Aprimo

78 719 208 794 initio
227 717 355 794 morbi
376 717 426 794 ad
448 717 570 792 finem
581 743 725 820 usque,
743 713 799 792 ιιι
809 737 865 794 est
884 721 1107 830 quindecim

83 839 190 938 ipsis
208 837 423 930 mensibus,
426 839 542 912 nulla
551 861 722 940 unquam
736 861 776 910 se
788 821 958 938 prodidit
971 836 1109 925 febris,

84 957 232 1030 nullus
250 981 425 1059 *unquam
444 950 515 1029 fuit
534 958 666 1056 capitis
683 956 806 1028 dolor.
819 955 1020 1029 Cadaveris
1036 951 1113 1028 dis·

86 1076 285 1166 sectioni5
316 1091 360 1149 nt
383 1091 537 1175 rogatus
560 1073 705 1150 fueram
716 1128 728 1163 ‚
755 1071 939 1175 postridie
965 1072 1109 1174 praefui:

83 1191 280 1267 Thoracis
303 1216 438 1266 cavum
464 1192 662 1291 dexterum
691 1187 818 1291 aquae,'
850 1181 987 1267 lotium
1011 1189 1111 1262 'refe-

79 1311 239 1406 rentia
265 1309 382 1384 libras
410 1310 560 1410 plures3
593 1310 786 1384 sinistrum
829 1324 957 1382 autem
985 1309 1112 1387 minus

88 1422 250 1527 habuit.
281 1429 485 1501 Pulmones
511 1439 700 1525 nusquam
720 1425 769 1499 ad
792 1425 976 1518 pleuram
986 1424 1113 1497 adhae-

89 1543 233 1617 rentes
240 1565 455 1644 ,nusquam
468 1539 580 1635 duri,
600 1543 728 1618 colore
747 1543 811 1616 hic
830 1543 907 1616 illic
921 1567 990 1642 per
1004 1558 1113 1616 ante-

93 1662 247 1737 riorem
266 1653 551 1762 superficiem
519 1687 690 1752 cinereo,
707 1658 818 1734 incisi
835 1661 964 1732 nihil
950 1661 1113 1764 usquam

93 1781 186 1852 vitii
206 1773 480 1872 ostenderunt,
503 1783 577 1855 nisi
600 1781 735 1882 quod
724 1795 826 1853 mter
850 1777 1114 1852 dissecandum

96 1889 1047 2000 Iobumsuperioremainistrum„pluribusinlocis
1060 1911 1117 1969 ex-

104 2018 249 2106 sectis,
273 2019 432 2118 opinor,
457 2017 656 2093 bronchiis
676 2019 872 2092 materiam
893 2013 1017 2088 albam
1034 2014 1117 2085 flui-

101 2133 460 2234 dampurifor'tnem
472 2124 602 2238 potius
616 2158 730 2239 quam
740 2127 982 2237 purulentam
999 2133 1118 2221 exire,

99 2241 411 2330 animadversum
443 2279 464 2328 e
540 2243 722 2356 Asperam
749 2237 907 2354 quoque
941 2253 1117 2326 arteriam

99 2394 196 2442 cum
217 2361 347 2470 aliquo
373 2395 418 2446 ex
446 2269 654 2470 *ribus
672 2372 879 2446 *bronchiis
904 2369 1118 2444 secundum

98 2477 387 2603 longitudinem
413 2479 647 2588 aperiendo,
680 2490 762 2562 vitii
789 2483 1012 2586 quidquam
1037 2508 1117 2556 non
1175 2567 1178 2573 ,

103 2604 235 2700 potuit
251 2605 420 2702 conspici
431 2659 441 2694 ‚
452 2620 586 2704 practer
598 2604 823 2680 coloromer
834 2602 954 2678 rubro
969 2602 1119 2684 fuscum

104 2745 181 2819 per
198 2721 418 2802 interiorem
437 2722 539 2799 iltius
553 2725 696 2796 arteriae
719 2717 871 2796 faciem.
896 2701 1001 2794 Intra
1019 2723 1120 2820 peri·

108 2837 284 2910 cardiutn
311 2863 417 2938 aquae
450 2839 654 2936 ejusmodi,
675 2840 855 2938 qualem,
888 2839 928 2910 in
967 2834 1121 2911 thorace

105 2955 222 3031 fuisse
242 2948 340 3044 dixi,
357 2955 560 3056 mediocris
584 2959 704 3060 copia.
731 2962 810 3031 Cor
832 2981 924 3030 vero
952 2957 1121 3056 amplum

111 3071 221 3148 valde
236 3072 287 3147 ob
305 3073 484 3168 dilatatos
501 3075 760 3166 uentriculos,
775 3091 872 3148 anon
891 3074 942 3147 ob
961 3077 1123 3173 parietes

113 3189 232 3278 factos
248 3183 479 3266 'crassiorem
509 3187 744 3293 amplificatae
763 3207 890 3266 tamen
914 3193 1125 3281 col‘umnrc,

113 3308 221 3409 quod
239 3310 281 3379 ιιι
296 3295 456 3403 dextero
475 3311 681 3410 prasertim
699 3310 912 3384 ventriculo
926 3309 1123 3382 adnotavi.
1208 3301 1231 3325 ⁸

115 3420 478 3525 Auriculapariter,
499 3420 707 3500 et'valvulae
721 3449 854 3501 omnes
869 3425 1124 3526 amplificatae,

119 3535 218 3618 sana
234 3557 362 3617 tamen
378 3571 387 3615 ι
406 3559 444 3618 ct
457 3532 606 3642 majora
618 3566 776 3644 quoque
787 3560 895 3617 erant
906 3545 1128 3616 arteriarum

119 3655 406 3736 coronariarnm
433 3661 590 3736 crificia.
622 3665 761 3762 Magna
788 3665 901 3735 etiam
924 3662 1060 3732 arteria
1080 3659 1127 3732 ad

122 3795 327 3854 curvaturae
353 3765 475 3880 usque
499 3781 651 3856 initium
675 3805 784 3880 aequo
811 3779 934 3852 latior.
963 3783 1009 3849 In
1035 3775 1131 3852 facie

123 3887 203 3996 ejus
221 3899 402 3972 interiore
415 3887 535 3999 ¹paulo
556 3903 673 3997 supra
696 3896 861 3972 valvulas
884 3895 1132 3968 animadverti

124 4039 263 4115 paucas
299 4015 482 4115 quasdam
521 4007 851 4116 protuberano'as,
877 4001 1008 4113 ibique
1024 4003 1028 4012 ’
1044 4011 1133 4086 suh·
1211 4061 1213 4066 ,
