2732 4654
375 298 379 351 t

101 412 177 465 nm.
189 413 246 463 vr.
267 409 317 464 oa
330 405 678 476 normannum„
696 398 765 458 etc.
784 408 897 460 amsa.
913 407 984 460 mx.
1014 383 1085 466 335

52 531 145 605 alibi
173 527 237 629 (1)
274 553 355 599 non
386 513 516 598 modo¹
537 525 839 624 experimentum
876 546 1087 627 proponat,

52 649 158 723 unde
181 648 365 736 tertium,
386 644 452 718 sed
470 660 511 733 ¹et
533 643 714 732 aiterum,
740 644 843 716 unde
864 661 1011 720 sextum
1032 649 1086 722 le-

54 770 202 842 thalem
242 763 362 839 fuisse
391 778 566 862 apparet3
594 763 820 836 Parisienses
848 763 918 861 (a)
956 783 1084 839 autem

53 911 178 960 unum
191 941 202 975 ,
225 884 337 956 unde
351 884 573 981 septimum,
590 882 757 954 tamensi
776 881 854 954 haec
868 885 979 962 etiam
994 885 1085 958 velis

55 1031 138 1104 quae
160 982 298 1076 rarius
320 1001 498 1073 accidunt
519 1015 708 1097 spectare,
726 1000 831 1072 vides
848 1020 979 1075 nostro
994 1029 1085 1102 pro·
1112 1067 1116 1074 .

56 1125 301 1222 positotnon
323 1117 496 1209 officere,
517 1143 605 1190 nam
630 1117 784 1190 tandem
809 1120 857 1192 ad
876 1147 962 1192 eum
981 1147 1085 1196 mor·

58 1267 139 1314 sum
158 1241 233 1340 qui
252 1239 437 1310 innoxius
459 1239 528 1324 sit,
550 1241 816 1334 perveniatur,
834 1265 988 1313 necesse
1008 1259 1084 1330 est,

58 1359 192 1450 citius,
232 1373 302 1431 aut
335 1357 484 1452 serius,
522 1371 564 1428 ut
591 1359 718 1427 minor
755 1373 811 1429 est
838 1359 987 1456 vipera,
1020 1376 1086 1432 aut

60 1478 201 1574 major,
223 1477 291 1549 vel
316 1489 417 1548 certe
443 1489 485 1546 ut
512 1475 659 1565 minuS,
683 1489 747 1547 aut
767 1477 853 1574 plus
885 1478 1086 1550 collectum

60 1595 174 1668 habet
209 1596 396 1668 venenati
424 1593 621 1682 humoris„
645 1594 706 1666 vel
736 1583 874 1668 lentius
900 1595 1003 1670 hunc
1030 1623 1086 1670 re·

63 1731 191 1812 parat,
212 1729 284 1786 aut
312 1713 544 1811 promptius,
575 1712 635 1782 vel
672 1711 829 1784 uberius
864 1714 903 1784 in
931 1715 1091 1813 singulis

64 1831 259 1904 morsibus
292 1828 455 1914 effundit
474 1845 539 1903 aut
556 1829 722 1928 parciuS,
745 1830 806 1900 vel
831 1829 996 1929 denique
1016 1834 1087 1903 mi·
1174 1883 1175 1887 η
1233 1848 1235 1852 ’

65 1975 152 2038 nus,
177 1959 246 2022 aut
272 1950 391 2048 magis
416 1973 540 2020 acrem
571 1949 711 2048 gignit,
732 1963 775 2020 ut
796 1951 953 2022 minima
973 1953 1085 2022 etiam

68 2085 236 2140 extrema
258 2068 406 2168 guttula
426 2066 465 2137 id
481 2067 600 2166 possit
609 2066 715 2166 quod
729 2068 909 2167 grandior
930 2067 1034 2142 solet.

115 2188 171 2258 32.
202 2193 291 2260 Huc
319 2187 416 2258 adde
439 2211 521 2288 quae
544 2187 661 2260 morsi
691 2187 863 2266 animalis
884 2188 1087 2286 peculiaria

71 2321 170 2394 sunt,
188 2322 234 2378 ut
248 2303 551 2405 magnitudinem
566 2308 756 2404 corporis,
768 2321 832 2378 aut
843 2309 1084 2406 parvitatem,

72 2416 162 2496 cutis
174 2425 357 2498 duritiem
369 2438 434 2496 aut
445 2423 757 2514 teneritudinem,
768 2425 975 2496 humorum
991 2427 1087 2497 iner-

71 2542 156 2612 tiam
184 2559 251 2615 aut
284 2543 552 2630 acrimoniam,
582 2568 715 2615 morsae
742 2544 859 2641 partis
885 2545 1087 2641 pauciora,

71 2673 130 2728 aut
143 2661 256 2757 plura
270 2659 590 2759 sanguiferavasa,
600 2685 750 2750 nervos,
766 2661 836 2732 alia
852 2660 1082 2758 hujusmodi.

71 2777 160 2847 Nam
182 2804 318 2878 parva,
342 2780 374 2851 si
396 2781 499 2878 paria
518 2775 594 2851 sirit
619 2793 770 2867 caetera,
794 2779 841 2851 ab
869 2778 1000 2850 eadem
1020 2803 1084 2852 ve·
1152 2820 1156 2832 ‹

74 2899 157 2964 neni
170 2903 305 2996 copia,
322 2913 359 2992 et
378 2899 585 2986 acrimonia
608 2899 717 2969 citius
735 2897 911 2984 interire,
933 2912 970 2968 et
987 2900 1082 2969 ratio

75 3007 232 3108 indicat,
253 3032 291 3090 et
301 3015 410 3088 Redii
427 3015 501 3114 (3),
527 3041 571 3088 ac
591 3014 924 3112 Parisieusiumflr)
940 3017 1085 3115 experi-

76 3147 197 3204 menta
223 3132 462 3208 confirmant.
492 3135 737 3234 Quapropter
762 3133 979 3220 mirandum
1005 3161 1084 3210 non

79 3261 128 3316 est
158 3252 265 3347 quod
293 3251 394 3352 apud
421 3253 587 3350 primum
616 3252 801 3350 legimuS,
837 3277 923 3324 cum
952 3253 1084 3326 eadem
1176 3319 1178 3325 Α

79 3363 200 3462 vipera
209 3385 337 3442 anates
353 3358 621 3442 momordisset
633 3372 808 3468 'quinque
823 3425 832 3460 ,
850 3387 887 3443 et
898 3374 1083 3445 continuo

83 3549 1094 3587 W

117 3675 156 3758 (1)
176 3663 253 3743 Lott.
268 3687 318 3744 cit.

119 3775 159 3854 (2)
179 3785 234 3842 Cit.
255 3806 357 3862 supra.

119 3875 157 3956 (3)
178 3886 253 3944 Lett.
268 3887 319 3945 cit.

120 3974 160 4058 (4)
179 3985 234 4076 Cit.
253 3969 352 4066 supra.
