2836 4648
323 487 396 568 638
494 521 539 566 nn
566 517 712 566 sacrans
737 519 781 566 ar
807 517 931 566 causis
956 515 1168 566 nonnosum

324 632 555 706 crassiorem.
567 631 690 704 Mollis
705 645 783 704 erat
793 601 942 720 tumor,
955 647 999 704 ut
1016 633 1046 704 si
1062 647 1303 718 contrectans,

326 747 564 848 iutelligeres⁴
583 773 654 820 nec
677 773 846 822 sarcoma
869 773 969 837 esse,
995 773 1107 820 neca
1128 747 1302 847 multoqui

324 868 493 940 inclusus
513 881 628 952 esset,
653 858 816 938 humore
844 865 1064 956 distentum.
1087 866 1225 939 Eodem
1244 889 1302 964 quo

322 987 465 1084 reliqua
478 987 590 1073 cutis,
602 985 749 1074 colore;
766 985 841 1064 hoc
859 1009 939 1056 unc
955 984 1210 1084 discrepabat,
1224 985 1303 1082 quod

323 1127 366 1176 ex
379 1103 674 1201 hemisphaericis
693 1101 755 1174 hic
770 1103 846 1176 illic
857 1155 866 1189 ,
879 1101 1239 1191 humilibustamen,
1252 1126 1304 1173 nec

321 1222 469 1294 minimi
489 1221 598 1318 digiti
622 1222 728 1321 apice
751 1219 1017 1312 crassioribus,
1035 1221 1307 1320 protuberantiis

322 1337 627 1437 conspiciebatur
661 1329 864 1438 inaequalis.
899 1341 1097 1438 Nusquam
1136 1339 1304 1438 pulsabat:

321 1479 538 1553 nunquam,
562 1456 621 1526 vel
650 1481 822 1554 pressus,
847 1455 1003 1530 dolebat
1020 1485 1028 1526 ε
1048 1482 1123 1550 nec
1148 1479 1306 1557 unquam,

322 1575 489 1651 uisicnm
508 1577 675 1672 equitare
692 1599 788 1674 opus
798 1591 894 1665 erat,
909 1575 1201 1648 incommodum
1212 1575 1306 1646 ullum

323 1689 510 1767 afferebat.
529 1691 587 1763 Ob
613 1692 710 1764 hanc
736 1693 850 1790 igitur
879 1717 996 1764 unam
1013 1717 1186 1780 causam,
1206 1689 1307 1764 timori

323 1809 557 1906 adjunctam,
573 1810 802 1908 nemagisin
820 1802 1124 1909 dicamagisque
1136 1820 1309 1892 cresceret,

322 1952 370 1997 au
385 1929 465 2000 sine
477 1929 648 2026 periculo
664 1919 837 2002 abscindi
851 1943 998 2026 posset,
1016 1953 1062 2000 ex
1078 1954 1142 2000 me
1154 1925 1307 2026 quaesivit.

321 2046 497 2138 Quicum
520 2071 562 2118 ea
584 2071 666 2142 quae
689 2045 787 2134 dixi,
803 2045 1065 2135 attenderem,
1085 2070 1213 2144 neque
1230 2038 1307 2116 aliud

321 2189 385 2236 vas
407 2180 541 2262 practer
562 2188 677 2236 unam
703 2185 837 2236 renam
854 2189 923 2263 per
950 2165 1111 2236 tumoris
1126 2180 1247 2237 cutem
1265 2185 1307 2232 re-

321 2307 412 2382 pere
441 2279 630 2368 iiderem,
658 2305 741 2384 quae
769 2306 817 2354 ne
846 2282 887 2352 in
923 2305 1075 2354 summo
1103 2282 1253 2380 quidem
1274 2275 1307 2348 ad

323 2397 533 2470 columbini
551 2399 683 2472 calami
697 2399 984 2475 crassitudinem
1003 2399 1259 2498 perveniebat,
1274 2394 1307 2466 le

322 2518 412 2590 lices
447 2533 571 2591 alitem
604 2533 794 2590 tumorum
829 2517 1018 2614 ejusmodi
1053 2519 1309 2618 amputationes

321 2638 505 2710 memoria
526 2634 717 2722 tenerem,
734 2634 841 2710 facile
858 2638 976 2711 annui
993 2663 1001 2708 z
1024 2639 1230 2736 pracsertim
1243 2653 1308 2706 cum

321 2756 379 2828 vir
398 2757 739 2854 experientissimus
764 2755 940 2854 publicus
963 2757 1003 2826 in
1030 2753 1106 2826 hoc
1138 2750 1309 2854 gymnasio

323 2871 519 2971 chirurgiae
543 2870 757 2972 professor,
778 2875 1030 2972 Hieronymus
1054 2871 1308 2944 Vandelliussc

323 3015 362 3061 se
379 2992 580 3089 recepisset
592 3007 842 3094 exsecturum.
865 2991 978 3083 Quod
989 3006 1027 3066 ct
1039 2988 1202 3064 feliciter
1218 3007 1307 3088 pras·

322 3109 395 3182 titit
406 3109 560 3209 ineunte
572 3111 782 3206 junioanui
803 3108 916 3209 1757,
934 3133 1057 3208 pauco
1074 3109 1234 3180 omniuo
1245 3126 1307 3178 san·

323 3227 437 3323 guiue
455 3224 596 3313 effuso,
618 3230 763 3302 etiamsi
789 3227 943 3328 paululo
964 3224 1196 3328 profundius
1215 3243 1305 3323 quam

324 3358 420 3415 esset
436 3343 641 3442 pedunculi
658 3345 806 3416 initium
821 3341 1217 3434 exsecuisset,etfacile
1232 3341 1306 3412 eica-

322 3461 608 3551 triceohducta,
625 3465 723 3560 intra
742 3463 856 3538 breve
873 3480 1024 3562 tempus
1041 3461 1307 3559 hominepcrst·

324 3577 593 3671 natoTumor,
611 3582 677 3678 qui
688 3583 817 3656 uncias
829 3582 978 3657 circiter
990 3582 1165 3680 quinque
1185 3572 1303 3678 pende·
1381 3673 1382 3678 Ἰ

322 3697 406 3783 bat,
429 3698 563 3770 eodem
585 3723 696 3769 mane
713 3723 782 3796 per
804 3691 944 3786 filium,
958 3713 1115 3796 parente
1131 3712 1170 3770 et
1191 3690 1306 3768 doctis·
1381 3751 1382 3806 ἰ

219 3872 221 3878 .
322 3815 425 3888 simis
451 3817 594 3913 patruis
620 3815 801 3913 dignum,
827 3815 956 3888 adme
987 3817 1144 3903 missus,
1171 3829 1226 3900 et,
1249 3809 1308 3878 hoc

322 3933 603 4028 inspectantem
621 3953 680 4004 me
697 3932 881 4010 continuo
896 3930 1160 4032 persectus,id
1171 3927 1305 4002 omnin0

323 4063 401 4122 crat
432 4049 537 4146 qnod
567 4075 812 4141 censueram,
845 4076 985 4150 nempe
1015 4051 1176 4151 adiposae
1207 4063 1306 4128 mem*
