2836 4648
153 535 262 584 nmv.
276 535 323 583 an
335 525 782 580 annurmsinmnsorm.
798 527 910 580 ansa.
925 528 1052 578 nxvm.
1079 506 1153 605 649

154 645 398 744 majusculam
416 667 529 716 unam
549 667 572 714 a
590 639 768 740 chirurgo
790 655 1010 730 extractam,
1025 641 1157 741 depre-

155 763 289 836 hendit
307 767 400 834 citra
420 760 538 832 ullum
548 757 748 857 putridum
765 775 833 830 aut
850 773 1066 857 corruptum
1084 759 1155 832 hu-

154 905 295 951 morem
315 892 508 950 totamsex
528 873 652 948 solida
671 874 898 972 glandulosae
924 891 1038 974 atque
1065 877 1157 950 alba

155 1021 268 1070 corne
283 1009 511 1068 constantem
517 1021 531 1082 ,·
547 1007 591 1064 ut
611 993 663 1064 sic
690 992 886 1090 glandulas
906 993 994 1065 dari
1019 993 1155 1068 adven·

157 1121 259 1186 titios
266 1112 387 1212 plane
401 1136 516 1184 sanas
524 1164 536 1199 ,
559 1115 633 1182 nisi
644 1109 750 1208 quod
763 1119 801 1182 in
819 1135 972 1186 nunaero
984 1117 1157 1212 partium

152 1228 524 1330 proeterrraturolium
541 1243 798 1318 recensentur,
815 1217 1159 1328 experientissimus
1260 1301 1262 1322 ,

157 1349 418 1447 glandularum
436 1359 623 1418 scrutator
652 1345 951 1420 demonstratum
975 1372 1056 1420 esse
1075 1371 1160 1448 pro·

157 1467 402 1539 nunciaverit.
417 1468 508 1556 Quae
521 1461 802 1536 observationes
810 1464 857 1536 ad
868 1467 1069 1540 exteriores
1082 1467 1162 1564 qui·

157 1581 244 1656 dem
255 1579 450 1681 glandulas
461 1566 995 1678 pertinent‚quemad1nodum
1005 1585 1160 1656 Antonii

158 1700 269 1772 etiam
299 1697 454 1771 Cocchii
478 1695 990 1794 (1)‚ubidemesentericis
1015 1699 1159 1774 morbis

158 1817 336 1914 loquens,
359 1814 399 1886 id
415 1815 520 1914 quod
534 1814 701 1886 Leonida
718 1813 807 1886 raro
826 1815 991 1906 viderat,
1010 1841 1091 1890 non
1106 1805 1173 1892 scss

158 1933 235 2005 mel
265 1931 336 2006 sibi
370 1933 578 2004 occurrisse
608 1931 660 2004 ait
689 1931 883 2030 (Severino
907 1947 1033 2006 autem
1061 1958 1162 2034 saepe

159 2039 396 2147 occurrerat]
413 2048 655 2148 conglobatas
673 2048 850 2122 videlicet
873 2065 1043 2124 externas
1061 2051 1163 2149 glan·

157 2166 268 2241 dulas
287 2193 366 2240 non
383 2167 498 2240 modo
514 2167 658 2256 auctas,
681 2167 748 2240 sed
767 2182 805 2242 et
823 2165 891 2240 ubi
907 2193 988 2242 esse
1007 2193 1088 2240 non
1107 2169 1163 2240 vi·

162 2284 316 2374 dentur,
340 2285 448 2382 quasi
472 2298 624 2357 creatas.
655 2285 756 2375 Quin
776 2285 989 2384 exemplum
1007 2285 1163 2384 insuper

161 2401 290 2488 addit,
307 2401 348 2472 in
365 2427 444 2499 quo
458 2417 592 2500 prater
603 2399 807 2475 nonnullas
820 2427 900 2476 non
917 2403 1044 2476 solitas
1057 2427 1163 2483 cons·

161 2519 261 2620 pici,
278 2533 322 2590 ut
341 2519 382 2588 in
400 2517 598 2608 lateribus,
628 2542 801 2607 carneas,
824 2544 950 2619 neque
963 2521 1067 2618 {pure
1087 2544 1164 2594 soa·

161 2650 301 2724 tentes,
317 2633 365 2707 ad
383 2633 488 2708 hunc
506 2635 682 2708 eumdem
691 2635 847 2710 modum
864 2637 954 2710 alias
969 2639 1067 2710 intra
1080 2663 1165 2711 ven·

162 2765 262 2824 trem
278 2748 449 2827 offendit.
467 2755 590 2844 Quam
610 2767 669 2842 tu,
687 2768 731 2826 et
747 2755 915 2826 Severini
935 2753 1164 2829 observatio-

162 2893 253 2942 nem
263 2883 305 2940 ut
313 2893 396 2966 quae
405 2868 570 2942 necdum
584 2869 678 2941 mihi
689 2869 980 2971 insepulchreto
990 2875 1166 2964 occurrit,
1184 2869 1187 2876 ’

163 2985 256 3058 huic
272 2984 442 3082 adjicies,
459 2999 497 3058 et
510 2985 660 3060 valebis.

205 3303 561 3386 oracionem·
