2746 4662
196 473 197 480 κ
294 415 364 501 t'rl
457 433 505 486 na
530 427 676 486 mutans
701 431 746 480 rr
770 423 894 480 causis
919 428 1132 478 annnorum

291 546 561 647 deprehendit:
583 570 676 646 quas
689 569 749 618 res
770 545 902 616 melius
923 546 1011 617 icon
1031 543 1086 641 (r)
1108 558 1308 617 monstra-
1362 537 1363 552 ³

292 664 367 754 bit,
379 690 489 764 quam
506 665 721 764 descriptio.
738 669 822 736 Hac
839 664 941 735 enim
959 661 1046 734 ideo
1067 663 1308 750 memora-vi,

291 797 335 858 nt
347 808 391 856 ex
407 805 539 854 eorum
553 807 650 880 qnos
669 780 833 869 laudavi,
852 779 957 853 libris
970 780 1121 880 plenius
1136 801 1308 877 cognos-

294 923 373 984 cas,
392 898 559 997 indeque
586 923 630 972 ea
655 898 796 998 quibus
826 900 1082 987 internoscas,
1116 898 1251 995 signa,
1273 909 1310 968 et

177 1011 181 1018 ’
293 1015 475 1115 (ῘικιηάοΤ
505 1031 543 1088 et
580 1016 775 1116 quomodo
819 1017 1052 1088 curationem
1097 1017 1308 1113 suscipias,

294 1132 452 1233 quaudo
475 1147 607 1206 contra
624 1137 703 1232 'jam
723 1134 953 1234 praeteritum
981 1135 1027 1205 sit
1046 1147 1204 1229 tempus
1226 1155 1311 1229 quo

296 1251 465 1324 auxiliari
482 1252 617 1350 possis,
637 1252 833 1350 intelligas.
851 1255 1024 1323 Attamen
1047 1251 1087 1322 in
1107 1249 1312 1320 nonnullis

297 1367 429 1442 eorum
448 1392 531 1465 quae
549 1368 769 1456 dictasunt,
792 1382 829 1440 et
854 1368 1076 1439 nominatim
1107 1367 1146 1437 in
1174 1366 1312 1438 rotula

234 1493 236 1497 ’
299 1481 485 1574 fractura,
511 1501 549 1558 et
575 1485 773 1558 tendinum
800 1467 886 1556 crus
920 1483 1203 1556 extendentium
1236 1483 1313 1554 dis·

299 1603 477 1700 ruptione
500 1619 685 1700 quantum
712 1603 859 1698 auxilii,
879 1617 1014 1699 prater
1036 1625 1162 1698 spem,
1186 1615 1225 1672 et
1248 1624 1314 1672 ex-

300 1721 569 1819 pectationem,
586 1724 768 1819 temporis
779 1720 941 1818 spatium
956 1717 1145 1788 interdum
1159 1711 1313 1805 afferat,

301 1837 457 1936 contigit
483 1823 576 1916 mihi
601 1854 644 1910 ut
668 1841 777 1912 annis
798 1835 1058 1936 superioribus
1087 1836 1127 1904 in
1159 1833 1315 1907 duobus

300 1951 479 2026 viderem.
500 1958 680 2028 Procerus
705 1971 741 2026 et
767 1955 972 2026 lacertosus
997 1953 1055 2022 vir
1081 1967 1160 2023 erat
1185 1953 1312 2039 alter,

301 2073 369 2170 qui
388 2087 474 2144 ante
486 2097 607 2144 annos
619 2073 795 2171 aliquote
814 2070 932 2142 rheda
946 2069 1122 2162 desiliens
1138 2093 1228 2140 cunr
1249 2093 1313 2140 ro·

301 2189 419 2260 tulam
446 2188 637 2261 dexteram
662 2191 701 2260 in
727 2205 979 2261 transversum
1007 2185 1197 2284 fregisset,
1232 2186 1315 2257 chi·

302 2329 505 2404 rurgorum
524 2331 639 2406 opera
665 2304 803 2378 frustra
835 2331 924 2378 usus
954 2320 1033 2378 erat
1057 2304 1179 2375 donec
1201 2327 1315 2403 praes·

303 2423 533 2498 tantissimus
551 2426 589 2496 in
608 2425 682 2498 hoc
692 2427 887 2524 gymnasio
898 2419 1315 2521 chirurgiae‘prolessor,

257 2561 259 2566 ·
306 2543 559 2639 Hieronymus
569 2544 805 2629 Vandellius,
820 2545 999 2641 vigesimo
1016 2540 1216 2614 'secundoa
1227 2538 1317 2612 frac

189 2733 194 2744 ,
301 2671 390 2758 ,τοτα
408 2660 468 2732 die
495 2665 712 2746 accersitus,
740 2661 974 2759 superiorem
1002 2650 1147 2756 partem
1179 2659 1316 2729 rotulae

305 2777 354 2850 ad
373 2775 590 2850 inferiorem
607 2777 763 2850 adduxit
778 2792 962 2869 quantum
977 2777 1118 2874 potuit,
1134 2791 1178 2847 ut
1195 2775 1318 2847 altera

201 2897 210 2924 ‘
286 2893 355 2966 ab
373 2896 488 2966 altera
509 2895 796 2966 multominori
818 2919 932 2992 quam
957 2907 1083 2980 autea,
1115 2893 1317 2964 intervallo

308 3003 480 3100 distaret,
495 3011 768 3111 fasciarumque
788 3037 872 3110 ope·
887 3013 938 3084 ibi
961 3012 1164 3083 consistere
1178 3012 1314 3108 coegit.

309 3132 397 3200 Erat
413 3128 451 3199 id
472 3129 710 3201 intervallum
731 3131 934 3201 transversi
951 3116 1081 3228 digiti:
1105 3128 1144 3196 in
1158 3126 1224 3197 illo
1250 3151 1316 3198 au·

309 3259 386 3318 tem
413 3260 546 3317 natura
570 3247 649 3345 ipsa
678 3247 820 3345 aliquid
851 3247 988 3319 sensim
1009 3243 1222 3343 procreavit
1249 3265 1316 3341 per

308 3361 413 3460 quod
422 3363 552 3470 rotulae
562 3381 685 3462 partes
701 3364 859 3436 firmiter
875 3365 1121 3463 alligarentur
1143 3363 1245 3433 inter
1266 3384 1315 3434 se.

308 3482 439 3576 Itaque
464 3479 581 3551 homo
598 3505 644 3554 eo
664 3496 749 3553 artu
766 3483 845 3578 jam
867 3481 985 3554 libere
1002 3478 1201 3566 utebatur,
1230 3503 1316 3552 cum

190 3584 194 3604 ¹
309 3593 405 3669 forte
428 3599 596 3672 Venetiis
621 3600 661 3670 in
690 3600 818 3698 pontis
841 3597 1037 3696 cujusdam
1066 3595 1247 3696 gradihus
1271 3600 1317 3670 ia

351 3977 393 4062 (a)
415 3980 491 4040 Ibid.
511 3979 716 4058 tob.1‚fig.a.
