2836 4648
205 497 209 511 ’
307 485 378 559 662
474 509 521 556 ur
547 486 694 557 sanione
719 509 763 556 rr
788 505 912 556 crusis
937 507 1153 557 nonnonnat

307 647 329 694 a
361 619 660 720 posterioribus,
695 617 935 694 descendere.
968 618 1138 692 Femoris
1175 617 1319 690 dexteri

304 741 522 836 juncturam
542 763 629 811 cum
648 737 845 810 acetabulo
860 739 1062 810 novissime
1078 736 1316 821 examinavi3
1413 719 1414 788 ἓ

265 935 270 946 ,
308 872 345 928 et
364 863 449 927 cuni
465 857 598 928 vitium
612 853 713 927 haud
730 855 829 941 leve,
849 853 899 925 oh
915 879 995 926 eam
1015 853 1145 928 sedern
1170 869 1317 926 extror-
1413 831 1414 848 ³

306 999 391 1047 sum
410 975 448 1044 in
468 974 566 1046 latus
579 969 799 1045 deformiter
813 971 1149 1072 protuberantem‚
1175 995 1240 1042 me
1260 971 1318 1040 de·
1413 1041 1414 1046 ,

207 1131 209 1136 ·
308 1091 587 1190 prehensurum
625 1090 904 1178 existimarem
939 1115 1018 1160 non
1052 1113 1206 1178 unum,
1256 1087 1318 1159 sed
1413 1077 1414 1080 ¹

309 1209 440 1308 plura,
457 1198 753 1280 mox'instituta
779 1195 1022 1296 dissectione,
1056 1205 1319 1305 deprehendi,
1413 1199 1414 1248 ἶ

310 1339 458 1423 qua,ut
477 1324 620 1398 facilius
632 1339 729 1399 esset
746 1327 960 1422 certiusque
974 1351 1019 1399 ex
1029 1327 1319 1422 comparatione
1413 1347 1414 1418 j

307 1443 490 1540 judicium
502 1447 514 1531 ,'
521 1443 720 1542 utriusque
733 1438 1132 1541 femorissuperiorem
1149 1458 1319 1538 partem,
1413 1441 1414 1450 ’

310 1575 347 1632 et
359 1564 452 1632 ossis
463 1562 659 1659 utriusque
669 1561 898 1633 innominati
912 1557 1130 1652 inferiorem
1146 1562 1318 1657 primum
1413 1621 1414 1624 ,

309 1679 521 1751 reteximus.
531 1679 814 1750 Innominatum
826 1677 941 1776 igitur
953 1701 995 1750 os
1005 1673 1210 1748 dexterum
1222 1731 1232 1764 ‚
1246 1679 1318 1748 sive

310 1793 1317 1897 exteriorem,siveinterioremfacieminspiceres‚am
1413 1805 1414 1866 t

309 1913 431 2014 pliore
456 1915 496 1986 in
522 1915 618 1986 latus
642 1939 757 2013 gyro,
777 1935 890 2012 quarn
913 1897 1130 2000 sinistrum,
1164 1911 1319 1983 extendi
1413 1949 1414 1968 κ

309 2033 476 2121 videres,
503 2048 539 2104 et
567 2018 746 2106 crassiore
775 2033 939 2105 exterius
973 2031 1114 2130 pariete
1140 2029 1319 2102 acetahu·
1413 2079 1414 2096 i

310 2151 391 2222 lum
424 2147 758 2250 comprehendere.
792 2149 1047 2240 ‚Acetabulum
1082 2163 1214 2220 autem
1249 2147 1318 2218 hoc

311 2267 507 2340 dexterum
523 2267 670 2340 orificio
688 2285 767 2340 erat
790 2269 945 2366 majori,
965 2287 1080 2366 quam
1104 2267 1318 2351 sinistrum,

285 2469 288 2478 1
312 2409 383 2458 nec
401 2383 535 2476 flexili,
555 2383 710 2458 utillud
732 2385 934 2485 supercilio
952 2383 1059 2484 quod
1073 2401 1235 2469 vocant,
1254 2383 1316 2456 sed

313 2501 668 2604 osseoz'figuraque,
686 2518 722 2578 et
733 2500 1052 2590 dimensionibus,
1064 2516 1107 2573 ut
1119 2503 1316 2573 sinistrum

313 2644 421 2711 sano,
443 2623 497 2717 sic
519 2621 642 2720 ipsum
666 2621 713 2693 ab
733 2637 874 2693 naturae
898 2645 1032 2693 norma
1057 2619 1184 2690 alieno
1207 2618 1318 2717 capiti

312 2735 466 2812 femoris
493 2763 647 2838 prorsus
673 2739 938 2840 respondebat.
975 2739 1096 2834 Hujus
1121 2739 1229 2807 enirn
1258 2761 1316 2806 ca-

311 2857 400 2955 pitis
413 2850 533 2939 for'ma
550 2881 628 2929 non
643 2855 896 2956 h'emisphaerii
909 2871 1005 2945 erat,
1023 2855 1089 2928 sed
1110 2856 1213 2926 coni.
1225 2856 1318 2926 Coni

311 2989 437 3052 autem
460 2975 559 3048 basis
577 2976 733 3049 externo
754 2971 907 3074 quidem
925 2977 964 3045 in
981 2975 1095 3046 latere
1108 2971 1158 3046 ad
1174 2973 1320 3044 radices

312 3093 411 3190 ipsas
437 3091 641 3193 incipiebat
666 3071 916 3167 trochanteris
947 3091 1125 3187 majoris,
1145 3103 1247 3162 'cnm
1280 3092 1318 3160 in

307 3209 428 3317 xlatere
449 3211 601 3288 interno
626 3236 705 3282 non
736 3229 853 3310 parvo
878 3207 1077 3280 intervallo
1112 3207 1319 3280 distareta

313 3326 453 3398 minori
465 3325 715 3409 tr'oohantere.
737 3333 824 3402 Erat
841 3327 954 3424 igitur
968 3324 1155 3397 acetabuli
1177 3325 1321 3397 dexteri

312 3441 433 3542 figura
450 3441 580 3518 eadem
595 3469 678 3542 quae
695 3447 774 3518 cavi
792 3447 899 3530 coni,
932 3441 1173 3544 profunditas
1192 3460 1319 3516 autem

314 3561 362 3633 ab
381 3563 556 3634 exteriori
576 3561 729 3661 quidem
747 3563 861 3636 latere
878 3585 1099 3662 permagna,
1117 3577 1162 3632 ut
1178 3561 1235 3632 ihi
1254 3560 1322 3632 dn·
1413 3629 1414 3656 p

212 3723 224 3748 f
312 3680 377 3778 plo
393 3678 675 3780 propemodum
692 3677 918 3778 profundius
936 3695 1053 3767 esset,
1071 3703 1188 3777 quam
1211 3681 1320 3752 sinis-

312 3813 437 3869 trum:
472 3797 654 3897 glandulae
679 3813 805 3870 autem
827 3797 1133 3896 'mucilaginosae‚
1161 3821 1250 3895 quae
1284 3799 1322 3868 in
1413 3873 1414 3884 χ

315 3914 467 3986 sinistro
483 3915 604 4010 major
614 3938 714 3999 esse,
731 3939 843 4012 quam
858 3915 997 4004 soleat,
1018 3929 1114 3986 etex
1131 3937 1202 3986 sua
1215 3912 1323 3986 fovea

314 4032 419 4128 quasi
441 4032 659 4130 prominere
675 4031 894 4123 videbatum
912 4033 993 4128 ejus
1019 4032 1202 4129 inquam5
1221 4031 1324 4131 glan·
