2700 4660
75 482 141 530 nm.
156 480 204 530 ιν.
221 481 268 529 na
279 469 598 528 nonnrsc‘mnrnc.
610 507 620 543 ‚
634 467 702 524 etc.
720 476 831 526 crisa.
843 478 929 526 nvn.
962 455 1028 554 193

36 597 194 690 medium
224 595 428 693 superioris
459 592 583 666 sacculi
604 591 641 662 id
670 594 834 689 primum
853 591 1031 682 fecerint,

36 713 129 812 qnod
140 716 249 786 aiunt
261 711 544 809 aliqniBalionii
556 711 614 806 (r)
630 710 746 782 obiiti.
758 710 1031 784 Rheunmtismi

36 848 150 903 autern
169 830 278 901 nulia
294 829 492 928 peculiaris
508 829 546 898 in
557 827 804 926 Sepulchreto
815 831 956 900 mentio
973 827 1031 913 iit,

37 972 76 1018 ne
100 972 144 1017 eo
171 945 328 1044 quidem
360 945 446 1014 loco
480 944 548 1015 ubi
584 949 745 1016 maxime
776 947 1032 1034 convenisset,

36 1089 161 1162 nempe
178 1063 252 1135 sub
265 1060 379 1133 finem
392 1065 443 1132 Xi
458 1063 636 1133 sectionis
652 1061 739 1132 libri
751 1061 865 1157 hujus
875 1067 936 1149 IV,
955 1087 1030 1160 qua

37 1205 71 1250 ea
87 1183 252 1278 pertinet
265 1180 312 1250 ad
331 1179 483 1250 dolores
503 1193 743 1250 externarum
756 1186 935 1276 partium.
954 1185 1032 1253 Nec

38 1297 144 1368 miror
158 1313 309 1385 tamen,
329 1321 416 1367 cum
435 1298 494 1374 vix
505 1297 744 1367 meminerim
755 1297 793 1364 in
806 1295 1040 1368 aliamrheu··

38 1415 151 1484 matici
168 1413 436 1486 dissectionem
461 1413 635 1485 incidisse
666 1437 780 1509 quam
800 1415 840 1482 in
865 1413 967 1483 iliam
987 1439 1034 1486 ex

39 1530 476 1616 Dreiinctrrtioauditam‚
496 1546 533 1602 et
552 1533 590 1600 in
601 1526 822 1628 'Osteotogia
840 1531 1032 1628 suamab

39 1651 204 1720 Harresio
239 1631 505 1736 memoratam,
539 1671 613 1744 qua
637 1648 862 1720 dissectione
885 1650 1033 1745 Dreiin-

40 1767 170 1838 curtius
187 1765 334 1836 invenit
343 1759 549 1862 gelatinam
558 1780 768 1835 concretam
781 1771 826 1848 ,in
838 1768 1033 1866 superficie

41 1883 303 1971 musculorum,
338 1881 434 1952 daos
458 1896 527 1952 aut
555 1897 626 1952 tres
661 1881 819 1961 ducatos
850 1882 1032 1956 densitate

40 1998 304 2098 adaequantem.
325 2002 413 2090 Quae
430 1998 641 2090 observatio
659 1998 805 2069 adeam
825 1999 909 2070 addi
925 2018 1033 2098 pote-

43 2129 90 2186 rat
106 2119 284 2191 sectionis
296 2142 409 2215 quam
424 2116 522 2204 dixi,
541 2115 774 2214 Sepulchreti
794 2119 1030 2214 particulam,

42 2253 108 2328 quae
128 2249 164 2306 et
180 2233 379 2332 perbrevis
393 2249 467 2334 est,
488 2251 524 2304 et
542 2235 581 2302 in
598 2249 703 2330 parte
719 2249 864 2306 constat
886 2261 930 2306 ex
948 2259 1033 2334 pro·

43 2347 147 2423 ductis
161 2350 254 2422 alibi
268 2351 451 2436 historiis,
462 2352 539 2420 imo
554 2366 591 2424 et
608 2353 650 2424 in
661 2351 862 2448 quamdam
876 2352 1030 2442 desinit,

43 2489 104 2538 una
124 2469 189 2540 iila
209 2469 417 2566 eademque
438 2469 574 2566 pagina
596 2471 674 2564 jam
704 2473 935 2566 propositam
962 2471 1027 2566 (3).

41 2584 103 2678 Ego
118 2589 186 2684 qui
206 2586 411 2684 spectantia
428 2585 475 2656 ad
493 2587 841 2671 caeterassectionis
860 2585 1029 2682 ejusdem

43 2717 148 2794 partes
169 2705 262 2776 alibi
276 2707 451 2793 tractavi,
480 2730 529 2775 ne
552 2705 651 2774 hanc
677 2685 847 2776 riltinram
876 2727 1030 2800 prorsus

43 2823 194 2896 omisisse
226 2823 447 2920 particulam
473 2822 620 2910 ridear,
648 2821 930 2896 observationes
956 2823 1030 2898 huc

43 2936 198 3032 adjiciam
212 2941 306 3016 duas
315 2941 505 3012 Mediaviac
517 2944 653 3030 nostri,
667 2965 828 3038 quarum
847 2944 968 3038 prima
982 2939 1029 3022 ad

44 3070 266 3132 externarum
281 3061 444 3157 partium
463 3058 618 3148 dolores.
630 3062 777 3148 attinet3
796 3061 934 3149 altera,
957 3063 1029 3134 nisi

44 3167 200 3248 dissectio
216 3201 350 3248 verum
364 3177 579 3266 detexisset,
601 3177 648 3248 ad
668 3177 816 3250 easdem
838 3180 1029 3252 attinuisse

44 3286 230 3365 videretur.
294 3365 304 3382 ,
351 3373 354 3378 ,
486 3275 487 3278 ¹

87 3430 134 3504 17.
154 3411 309 3484 Iuvenis
329 3407 492 3484 aurificis
516 3411 689 3484 lumbum
729 3410 925 3482 dexterum
946 3423 1030 3486 cr'na

78 3725 116 3806 (1)
134 3733 204 3790 vid.
215 3701 282 3808 ejus
292 3733 404 3791 librum
415 3699 452 3794 de
464 3731 691 3808 rheumatismo,
706 3745 735 3792 et
750 3746 851 3815 quaest.
867 3733 972 3790 medic.
991 3733 1034 3790 iili

49 3823 184 3896 adjectam.

79 3924 117 4005 (a)
135 3932 213 3987 Disc.
233 3929 314 3999 tubi
327 3929 364 3987 de
379 3933 601 3991 rheumatismo·

80 4021 119 4103 (3)
134 4029 206 4090 nbi.
221 4051 249 4106 7,
266 4036 281 4102 S
298 4049 313 4104 7
328 4041 357 4090 et
373 4049 418 4089 11.

111 4151 139 4223 7.
