<?xml version="1.0" encoding="UTF-8"?>
<!DOCTYPE html PUBLIC "-//W3C//DTD XHTML 1.0 Transitional//EN"
    "http://www.w3.org/TR/xhtml1/DTD/xhtml1-transitional.dtd">
<html xmlns="http://www.w3.org/1999/xhtml" xml:lang="en" lang="en">
 <head>
  <title>
</title>
<meta http-equiv="Content-Type" content="text/html;charset=utf-8" />
  <meta name='ocr-system' content='tesseract 3.04.00' />
  <meta name='ocr-capabilities' content='ocr_page ocr_carea ocr_par ocr_line ocrx_word'/>
</head>
<body>
  <div class='ocr_page' id='page_1' title='image "./desedibusetcaus02adelgoog_0075.png"; bbox 0 0 2858 4658; ppageno 0'>
   <div class='ocr_carea' id='block_1_1' title="bbox 323 375 1174 464">
    <p class='ocr_par' dir='ltr' id='par_1_1' title="bbox 323 375 1174 464">
     <span class='ocr_line' id='line_1_1' title="bbox 323 375 1174 464; baseline 0.002 -14"><span class='ocrx_word' id='word_1_1' title='bbox 323 375 376 450; x_wconf 71' lang='grc'>’66</span> <span class='ocrx_word' id='word_1_2' title='bbox 497 401 544 446; x_wconf 85' lang='lat' dir='ltr'>un</span> <span class='ocrx_word' id='word_1_3' title='bbox 570 395 787 464; x_wconf 18' lang='lat' dir='ltr'>sumnustar</span> <span class='ocrx_word' id='word_1_4' title='bbox 812 398 937 448; x_wconf 80' lang='lat' dir='ltr'>musis</span> <span class='ocrx_word' id='word_1_5' title='bbox 962 401 1174 452; x_wconf 81' lang='lat' dir='ltr'>uouaouun</span> 
     </span>
    </p>
   </div>
   <div class='ocr_carea' id='block_1_2' title="bbox 240 511 1402 4034">
    <p class='ocr_par' dir='ltr' id='par_1_2' title="bbox 240 511 1402 4034">
     <span class='ocr_line' id='line_1_2' title="bbox 327 511 1336 604; baseline 0.003 -19"><span class='ocrx_word' id='word_1_6' title='bbox 327 511 598 597; x_wconf 79' lang='lat' dir='ltr'>assiduissime;</span> <span class='ocrx_word' id='word_1_7' title='bbox 620 525 846 588; x_wconf 86' lang='lat' dir='ltr'>consecutus</span> <span class='ocrx_word' id='word_1_8' title='bbox 859 527 936 598; x_wconf 91' lang='lat' dir='ltr'>est,</span> <span class='ocrx_word' id='word_1_9' title='bbox 955 529 996 586; x_wconf 92' lang='lat' dir='ltr'>ut</span> <span class='ocrx_word' id='word_1_10' title='bbox 1023 515 1225 604; x_wconf 69' lang='lat' dir='ltr'>torridum,</span> <span class='ocrx_word' id='word_1_11' title='bbox 1257 521 1336 588; x_wconf 77' lang='lat' dir='ltr'>imo</span> 
     </span>
     <span class='ocr_line' id='line_1_3' title="bbox 327 631 1336 730; baseline 0.008 -30"><span class='ocrx_word' id='word_1_12' title='bbox 327 636 478 701; x_wconf 80' lang='lat' dir='ltr'>muna&#39;ae</span> <span class='ocrx_word' id='word_1_13' title='bbox 504 633 615 726; x_wconf 82' lang='lat' dir='ltr'>quasi</span> <span class='ocrx_word' id='word_1_14' title='bbox 643 632 882 725; x_wconf 75' lang='lat' dir='ltr'>AEgyptt&#39;acce</span> <span class='ocrx_word' id='word_1_15' title='bbox 915 631 1053 722; x_wconf 83' lang='lat' dir='ltr'>instar,</span> <span class='ocrx_word' id='word_1_16' title='bbox 1082 640 1181 730; x_wconf 83' lang='lat' dir='ltr'>parti</span> <span class='ocrx_word' id='word_1_17' title='bbox 1207 633 1336 708; x_wconf 90' lang='lat' dir='ltr'>adhuc</span> 
     </span>
     <span class='ocr_line' id='line_1_4' title="bbox 325 743 1336 846; baseline 0.007 -29"><span class='ocrx_word' id='word_1_18' title='bbox 325 747 531 835; x_wconf 87' lang='lat' dir='ltr'>incolumi,</span> <span class='ocrx_word' id='word_1_19' title='bbox 547 743 725 841; x_wconf 87' lang='lat' dir='ltr'>sphacelo</span> <span class='ocrx_word' id='word_1_20' title='bbox 743 747 1175 846; x_wconf 83' lang='lat' dir='ltr'>minimeprogredieute</span> <span class='ocrx_word' id='word_1_21' title='bbox 1186 807 1196 840; x_wconf 94' lang='lat'>,</span> <span class='ocrx_word' id='word_1_22' title='bbox 1209 751 1336 830; x_wconf 82' lang='lat' dir='ltr'>adbae-</span> 
     </span>
     <span class='ocr_line' id='line_1_5' title="bbox 321 864 1335 962; baseline 0.006 -26"><span class='ocrx_word' id='word_1_23' title='bbox 321 880 444 953; x_wconf 80' lang='lat' dir='ltr'>reret,</span> <span class='ocrx_word' id='word_1_24' title='bbox 475 864 604 960; x_wconf 90' lang='lat' dir='ltr'>sicque</span> <span class='ocrx_word' id='word_1_25' title='bbox 634 887 750 934; x_wconf 89' lang='lat' dir='ltr'>anum</span> <span class='ocrx_word' id='word_1_26' title='bbox 783 866 991 962; x_wconf 80' lang='lat' dir='ltr'>nonaginta</span> <span class='ocrx_word' id='word_1_27' title='bbox 1026 867 1190 940; x_wconf 90' lang='lat' dir='ltr'>duorum</span> <span class='ocrx_word' id='word_1_28' title='bbox 1213 869 1335 942; x_wconf 82' lang='lat' dir='ltr'>ferme</span> 
     </span>
     <span class='ocr_line' id='line_1_6' title="bbox 323 983 1336 1080; baseline 0.006 -26"><span class='ocrx_word' id='word_1_29' title='bbox 323 1006 512 1054; x_wconf 89' lang='lat' dir='ltr'>annorum</span> <span class='ocrx_word' id='word_1_30' title='bbox 531 1004 678 1061; x_wconf 81' lang='lat' dir='ltr'>menses</span> <span class='ocrx_word' id='word_1_31' title='bbox 692 983 1093 1080; x_wconf 83' lang='lat' dir='ltr'>propemodumsexin</span> <span class='ocrx_word' id='word_1_32' title='bbox 1102 989 1196 1060; x_wconf 88' lang='lat' dir='ltr'>vivis</span> <span class='ocrx_word' id='word_1_33' title='bbox 1212 1014 1336 1060; x_wconf 88' lang='lat' dir='ltr'>serva·</span> 
     </span>
     <span class='ocr_line' id='line_1_7' title="bbox 323 1095 1402 1202; baseline 0.008 -32"><span class='ocrx_word' id='word_1_34' title='bbox 323 1103 386 1172; x_wconf 90' lang='lat' dir='ltr'>vit.</span> <span class='ocrx_word' id='word_1_35' title='bbox 416 1105 510 1170; x_wconf 91' lang='lat' dir='ltr'>Cum</span> <span class='ocrx_word' id='word_1_36' title='bbox 530 1111 661 1172; x_wconf 87' lang='lat' dir='ltr'>caetera</span> <span class='ocrx_word' id='word_1_37' title='bbox 684 1095 781 1170; x_wconf 80' lang='lat' dir='ltr'>facta</span> <span class='ocrx_word' id='word_1_38' title='bbox 802 1117 927 1175; x_wconf 83' lang='lat' dir='ltr'>essent</span> <span class='ocrx_word' id='word_1_39' title='bbox 952 1128 1034 1199; x_wconf 86' lang='lat' dir='ltr'>quae</span> <span class='ocrx_word' id='word_1_40' title='bbox 1059 1105 1333 1202; x_wconf 83' lang='lat' dir='ltr'><strong>probaveram,</strong></span> <span class='ocrx_word' id='word_1_41' title='bbox 1400 1157 1402 1160; x_wconf 94' lang='lat'>-</span> 
     </span>
     <span class='ocr_line' id='line_1_8' title="bbox 318 1215 1331 1320; baseline 0.004 -28"><span class='ocrx_word' id='word_1_42' title='bbox 318 1234 392 1296; x_wconf 72' lang='lat' dir='ltr'>,aut</span> <span class='ocrx_word' id='word_1_43' title='bbox 405 1215 642 1302; x_wconf 59' lang='lat' dir='ltr'>addideram</span> <span class='ocrx_word' id='word_1_44' title='bbox 659 1239 779 1314; x_wconf 80' lang='lat' dir='ltr'>aeger,</span> <span class='ocrx_word' id='word_1_45' title='bbox 797 1217 828 1288; x_wconf 85' lang='lat' dir='ltr'>si</span> <span class='ocrx_word' id='word_1_46' title='bbox 849 1243 928 1291; x_wconf 90' lang='lat' dir='ltr'>uon</span> <span class='ocrx_word' id='word_1_47' title='bbox 949 1221 1091 1294; x_wconf 90' lang='lat' dir='ltr'>tamdiu</span> <span class='ocrx_word' id='word_1_48' title='bbox 1111 1247 1224 1320; x_wconf 88' lang='lat' dir='ltr'>quam</span> <span class='ocrx_word' id='word_1_49' title='bbox 1245 1225 1331 1310; x_wconf 89' lang='lat' dir='ltr'>illa,</span> 
     </span>
     <span class='ocr_line' id='line_1_9' title="bbox 323 1332 1335 1440; baseline 0.008 -33"><span class='ocrx_word' id='word_1_50' title='bbox 323 1351 361 1408; x_wconf 88' lang='lat' dir='ltr'>at</span> <span class='ocrx_word' id='word_1_51' title='bbox 381 1349 481 1408; x_wconf 86' lang='lat' dir='ltr'>certe</span> <span class='ocrx_word' id='word_1_52' title='bbox 504 1332 646 1406; x_wconf 84' lang='lat' dir='ltr'>diutius</span> <span class='ocrx_word' id='word_1_53' title='bbox 666 1335 756 1406; x_wconf 80' lang='lat' dir='ltr'>vixit</span> <span class='ocrx_word' id='word_1_54' title='bbox 774 1359 890 1432; x_wconf 87' lang='lat' dir='ltr'>quam</span> <span class='ocrx_word' id='word_1_55' title='bbox 913 1337 940 1406; x_wconf 89' lang='lat' dir='ltr'>ii</span> <span class='ocrx_word' id='word_1_56' title='bbox 959 1339 1025 1436; x_wconf 92' lang='lat' dir='ltr'>qui</span> <span class='ocrx_word' id='word_1_57' title='bbox 1044 1339 1221 1430; x_wconf 86' lang='lat' dir='ltr'>aderaut,</span> <span class='ocrx_word' id='word_1_58' title='bbox 1249 1367 1335 1440; x_wconf 89' lang='lat' dir='ltr'>spe·</span> 
     </span>
     <span class='ocr_line' id='line_1_10' title="bbox 323 1452 1333 1536; baseline 0.006 -10"><span class='ocrx_word' id='word_1_59' title='bbox 323 1479 406 1526; x_wconf 86' lang='lat' dir='ltr'>rare</span> <span class='ocrx_word' id='word_1_60' title='bbox 434 1477 471 1526; x_wconf 89' lang='lat' dir='ltr'>se</span> <span class='ocrx_word' id='word_1_61' title='bbox 490 1452 745 1536; x_wconf 81' lang='lat' dir='ltr'>ostenderant.</span> <span class='ocrx_word' id='word_1_62' title='bbox 761 1456 857 1524; x_wconf 91' lang='lat' dir='ltr'>Nam</span> <span class='ocrx_word' id='word_1_63' title='bbox 876 1454 948 1527; x_wconf 89' lang='lat' dir='ltr'>sub</span> <span class='ocrx_word' id='word_1_64' title='bbox 964 1457 1052 1528; x_wconf 90' lang='lat' dir='ltr'>maii</span> <span class='ocrx_word' id='word_1_65' title='bbox 1068 1455 1183 1532; x_wconf 84' lang='lat' dir='ltr'>finem</span> <span class='ocrx_word' id='word_1_66' title='bbox 1198 1485 1333 1532; x_wconf 88' lang='lat' dir='ltr'>rursus</span> 
     </span>
     <span class='ocr_line' id='line_1_11' title="bbox 321 1570 1332 1674; baseline 0.006 -30"><span class='ocrx_word' id='word_1_67' title='bbox 321 1598 391 1674; x_wconf 88' lang='lat' dir='ltr'>per</span> <span class='ocrx_word' id='word_1_68' title='bbox 409 1570 753 1644; x_wconf 86' lang='lat' dir='ltr'>litterasconsultus</span> <span class='ocrx_word' id='word_1_69' title='bbox 771 1595 875 1658; x_wconf 88' lang='lat' dir='ltr'>sum,</span> <span class='ocrx_word' id='word_1_70' title='bbox 894 1573 1035 1670; x_wconf 90' lang='lat' dir='ltr'>quibus</span> <span class='ocrx_word' id='word_1_71' title='bbox 1051 1577 1228 1651; x_wconf 83' lang='lat' dir='ltr'>narrabat</span> <span class='ocrx_word' id='word_1_72' title='bbox 1236 1583 1332 1650; x_wconf 80' lang='lat' dir='ltr'>Tor-</span> 
     </span>
     <span class='ocr_line' id='line_1_12' title="bbox 322 1684 1334 1793; baseline 0.006 -31"><span class='ocrx_word' id='word_1_73' title='bbox 322 1690 484 1778; x_wconf 89' lang='lat' dir='ltr'>nierius,</span> <span class='ocrx_word' id='word_1_74' title='bbox 500 1689 695 1760; x_wconf 83' lang='lat' dir='ltr'>etiamtum</span> <span class='ocrx_word' id='word_1_75' title='bbox 711 1684 895 1778; x_wconf 84' lang='lat' dir='ltr'>alacrem,</span> <span class='ocrx_word' id='word_1_76' title='bbox 916 1706 957 1762; x_wconf 92' lang='lat' dir='ltr'>ut</span> <span class='ocrx_word' id='word_1_77' title='bbox 974 1707 1099 1782; x_wconf 85' lang='lat' dir='ltr'>autea,</span> <span class='ocrx_word' id='word_1_78' title='bbox 1119 1695 1233 1793; x_wconf 91' lang='lat' dir='ltr'>pulsu</span> <span class='ocrx_word' id='word_1_79' title='bbox 1253 1721 1334 1768; x_wconf 92' lang='lat' dir='ltr'>non</span> 
     </span>
     <span class='ocr_line' id='line_1_13' title="bbox 323 1806 1335 1903; baseline 0.009 -25"><span class='ocrx_word' id='word_1_80' title='bbox 323 1807 463 1893; x_wconf 91' lang='lat' dir='ltr'>debili,</span> <span class='ocrx_word' id='word_1_81' title='bbox 484 1831 629 1903; x_wconf 91' lang='lat' dir='ltr'>suoque</span> <span class='ocrx_word' id='word_1_82' title='bbox 653 1806 933 1903; x_wconf 81' lang='lat' dir='ltr'>propemodum</span> <span class='ocrx_word' id='word_1_83' title='bbox 954 1835 1063 1883; x_wconf 88' lang='lat' dir='ltr'>roseo</span> <span class='ocrx_word' id='word_1_84' title='bbox 1091 1814 1254 1884; x_wconf 86' lang='lat' dir='ltr'>naturali</span> <span class='ocrx_word' id='word_1_85' title='bbox 1271 1840 1335 1888; x_wconf 90' lang='lat' dir='ltr'>co·</span> 
     </span>
     <span class='ocr_line' id='line_1_14' title="bbox 319 1927 1334 2026; baseline 0.008 -28"><span class='ocrx_word' id='word_1_86' title='bbox 319 1928 401 2000; x_wconf 93' lang='lat' dir='ltr'>lore</span> <span class='ocrx_word' id='word_1_87' title='bbox 418 1949 560 2022; x_wconf 80' lang='lat' dir='ltr'>aegrum</span> <span class='ocrx_word' id='word_1_88' title='bbox 579 1948 677 2010; x_wconf 88' lang='lat' dir='ltr'>esse,</span> <span class='ocrx_word' id='word_1_89' title='bbox 695 1927 865 2021; x_wconf 89' lang='lat' dir='ltr'>appetitu</span> <span class='ocrx_word' id='word_1_90' title='bbox 880 1928 1023 2026; x_wconf 85' lang='lat' dir='ltr'>vigere,</span> <span class='ocrx_word' id='word_1_91' title='bbox 1037 1945 1116 2004; x_wconf 86' lang='lat' dir='ltr'>nou</span> <span class='ocrx_word' id='word_1_92' title='bbox 1131 1931 1254 2020; x_wconf 87' lang='lat' dir='ltr'>sitire,</span> <span class='ocrx_word' id='word_1_93' title='bbox 1280 1933 1334 2006; x_wconf 92' lang='lat' dir='ltr'>lo·</span> 
     </span>
     <span class='ocr_line' id='line_1_15' title="bbox 321 2042 1332 2143; baseline 0.004 -23"><span class='ocrx_word' id='word_1_94' title='bbox 321 2049 415 2120; x_wconf 90' lang='lat' dir='ltr'>tium</span> <span class='ocrx_word' id='word_1_95' title='bbox 431 2072 442 2140; x_wconf 86' lang='lat' dir='ltr'>J</span> <span class='ocrx_word' id='word_1_96' title='bbox 450 2059 531 2115; x_wconf 84' lang='lat' dir='ltr'>usta</span> <span class='ocrx_word' id='word_1_97' title='bbox 546 2043 655 2140; x_wconf 84' lang='lat' dir='ltr'>copia</span> <span class='ocrx_word' id='word_1_98' title='bbox 672 2042 852 2130; x_wconf 85' lang='lat' dir='ltr'>reddere,</span> <span class='ocrx_word' id='word_1_99' title='bbox 868 2044 984 2143; x_wconf 89' lang='lat' dir='ltr'>idque</span> <span class='ocrx_word' id='word_1_100' title='bbox 1002 2048 1151 2134; x_wconf 83' lang='lat' dir='ltr'>colore,</span> <span class='ocrx_word' id='word_1_101' title='bbox 1171 2065 1208 2122; x_wconf 91' lang='lat' dir='ltr'>et</span> <span class='ocrx_word' id='word_1_102' title='bbox 1225 2051 1332 2124; x_wconf 91' lang='lat' dir='ltr'>subs·</span> 
     </span>
     <span class='ocr_line' id='line_1_16' title="bbox 322 2143 1331 2248; baseline 0.006 -12"><span class='ocrx_word' id='word_1_103' title='bbox 322 2164 439 2238; x_wconf 86' lang='lat' dir='ltr'>tantia</span> <span class='ocrx_word' id='word_1_104' title='bbox 454 2143 664 2232; x_wconf 88' lang='lat' dir='ltr'>secuudum</span> <span class='ocrx_word' id='word_1_105' title='bbox 685 2175 881 2248; x_wconf 85' lang='lat' dir='ltr'>naturam,</span> <span class='ocrx_word' id='word_1_106' title='bbox 911 2162 1006 2238; x_wconf 86' lang='lat' dir='ltr'>dura</span> <span class='ocrx_word' id='word_1_107' title='bbox 1032 2181 1158 2238; x_wconf 87' lang='lat' dir='ltr'>autem</span> <span class='ocrx_word' id='word_1_108' title='bbox 1175 2167 1249 2238; x_wconf 89' lang='lat' dir='ltr'>alvi</span> <span class='ocrx_word' id='word_1_109' title='bbox 1269 2195 1331 2242; x_wconf 89' lang='lat' dir='ltr'>re·</span> 
     </span>
     <span class='ocr_line' id='line_1_17' title="bbox 323 2279 1331 2385; baseline 0.008 -31"><span class='ocrx_word' id='word_1_110' title='bbox 323 2293 515 2354; x_wconf 87' lang='lat' dir='ltr'>crementa</span> <span class='ocrx_word' id='word_1_111' title='bbox 545 2303 624 2348; x_wconf 90' lang='lat' dir='ltr'>non</span> <span class='ocrx_word' id='word_1_112' title='bbox 654 2279 726 2350; x_wconf 88' lang='lat' dir='ltr'>nisi</span> <span class='ocrx_word' id='word_1_113' title='bbox 753 2279 908 2376; x_wconf 89' lang='lat' dir='ltr'>quiut0,</span> <span class='ocrx_word' id='word_1_114' title='bbox 946 2297 1010 2354; x_wconf 91' lang='lat' dir='ltr'>aut</span> <span class='ocrx_word' id='word_1_115' title='bbox 1043 2299 1147 2356; x_wconf 86' lang='lat' dir='ltr'>sexto</span> <span class='ocrx_word' id='word_1_116' title='bbox 1174 2311 1331 2385; x_wconf 92' lang='lat' dir='ltr'>quoque</span> 
     </span>
     <span class='ocr_line' id='line_1_18' title="bbox 322 2399 1332 2501; baseline 0.009 -31"><span class='ocrx_word' id='word_1_117' title='bbox 322 2399 400 2484; x_wconf 88' lang='lat' dir='ltr'>die,</span> <span class='ocrx_word' id='word_1_118' title='bbox 416 2411 458 2468; x_wconf 93' lang='lat' dir='ltr'>ut</span> <span class='ocrx_word' id='word_1_119' title='bbox 484 2421 595 2468; x_wconf 88' lang='lat' dir='ltr'>sanus</span> <span class='ocrx_word' id='word_1_120' title='bbox 612 2411 869 2468; x_wconf 87' lang='lat' dir='ltr'>consueverat.</span> <span class='ocrx_word' id='word_1_121' title='bbox 900 2403 943 2470; x_wconf 88' lang='lat' dir='ltr'>Et</span> <span class='ocrx_word' id='word_1_122' title='bbox 971 2401 1151 2476; x_wconf 84' lang='lat' dir='ltr'>morbum</span> <span class='ocrx_word' id='word_1_123' title='bbox 1174 2405 1332 2501; x_wconf 91' lang='lat' dir='ltr'>quidem</span> 
     </span>
     <span class='ocr_line' id='line_1_19' title="bbox 321 2519 1331 2621; baseline 0.008 -33"><span class='ocrx_word' id='word_1_124' title='bbox 321 2519 421 2588; x_wconf 89' lang='lat' dir='ltr'>intra</span> <span class='ocrx_word' id='word_1_125' title='bbox 442 2539 507 2586; x_wconf 91' lang='lat' dir='ltr'>eos</span> <span class='ocrx_word' id='word_1_126' title='bbox 521 2528 597 2585; x_wconf 89' lang='lat' dir='ltr'>tres</span> <span class='ocrx_word' id='word_1_127' title='bbox 622 2537 771 2584; x_wconf 90' lang='lat' dir='ltr'>meuses</span> <span class='ocrx_word' id='word_1_128' title='bbox 793 2538 1034 2612; x_wconf 83' lang='lat' dir='ltr'>progressum</span> <span class='ocrx_word' id='word_1_129' title='bbox 1054 2545 1159 2610; x_wconf 87' lang='lat' dir='ltr'>esse;</span> <span class='ocrx_word' id='word_1_130' title='bbox 1178 2537 1215 2594; x_wconf 86' lang='lat' dir='ltr'>at</span> <span class='ocrx_word' id='word_1_131' title='bbox 1235 2549 1331 2621; x_wconf 88' lang='lat' dir='ltr'>pau·</span> 
     </span>
     <span class='ocr_line' id='line_1_20' title="bbox 320 2632 1334 2734; baseline 0.008 -28"><span class='ocrx_word' id='word_1_132' title='bbox 320 2635 425 2706; x_wconf 88' lang='lat' dir='ltr'>latim</span> <span class='ocrx_word' id='word_1_133' title='bbox 448 2633 564 2720; x_wconf 90' lang='lat' dir='ltr'>adeo,</span> <span class='ocrx_word' id='word_1_134' title='bbox 589 2647 626 2703; x_wconf 90' lang='lat' dir='ltr'>et</span> <span class='ocrx_word' id='word_1_135' title='bbox 658 2632 775 2720; x_wconf 85' lang='lat' dir='ltr'>lente,</span> <span class='ocrx_word' id='word_1_136' title='bbox 808 2647 851 2705; x_wconf 94' lang='lat' dir='ltr'>ut</span> <span class='ocrx_word' id='word_1_137' title='bbox 880 2636 1155 2734; x_wconf 84' lang='lat' dir='ltr'>quinquaginta</span> <span class='ocrx_word' id='word_1_138' title='bbox 1180 2641 1334 2716; x_wconf 87' lang='lat' dir='ltr'>circiter</span> 
     </span>
     <span class='ocr_line' id='line_1_21' title="bbox 322 2751 1334 2852; baseline 0.008 -27"><span class='ocrx_word' id='word_1_139' title='bbox 322 2753 402 2826; x_wconf 89' lang='lat' dir='ltr'>dies</span> <span class='ocrx_word' id='word_1_140' title='bbox 419 2751 596 2822; x_wconf 84' lang='lat' dir='ltr'>transacti</span> <span class='ocrx_word' id='word_1_141' title='bbox 628 2763 752 2822; x_wconf 89' lang='lat' dir='ltr'>essent</span> <span class='ocrx_word' id='word_1_142' title='bbox 775 2751 996 2848; x_wconf 85' lang='lat' dir='ltr'>priusquam</span> <span class='ocrx_word' id='word_1_143' title='bbox 1016 2753 1139 2852; x_wconf 88' lang='lat' dir='ltr'>digiti,</span> <span class='ocrx_word' id='word_1_144' title='bbox 1157 2771 1194 2828; x_wconf 93' lang='lat' dir='ltr'>et</span> <span class='ocrx_word' id='word_1_145' title='bbox 1213 2775 1334 2833; x_wconf 83' lang='lat' dir='ltr'>meta·</span> 
     </span>
     <span class='ocr_line' id='line_1_22' title="bbox 240 2867 1328 2971; baseline 0.006 -29"><span class='ocrx_word' id='word_1_146' title='bbox 240 2919 249 2933; x_wconf 77' lang='lat'>,</span> <span class='ocrx_word' id='word_1_147' title='bbox 321 2887 462 2956; x_wconf 86' lang='lat' dir='ltr'>tarsus,</span> <span class='ocrx_word' id='word_1_148' title='bbox 480 2885 516 2942; x_wconf 89' lang='lat' dir='ltr'>et</span> <span class='ocrx_word' id='word_1_149' title='bbox 534 2868 580 2939; x_wconf 90' lang='lat' dir='ltr'>ad</span> <span class='ocrx_word' id='word_1_150' title='bbox 600 2867 795 2938; x_wconf 86' lang='lat' dir='ltr'>malleolos</span> <span class='ocrx_word' id='word_1_151' title='bbox 819 2893 940 2966; x_wconf 88' lang='lat' dir='ltr'>usque</span> <span class='ocrx_word' id='word_1_152' title='bbox 953 2885 1073 2946; x_wconf 89' lang='lat' dir='ltr'>tarsus</span> <span class='ocrx_word' id='word_1_153' title='bbox 1088 2873 1307 2971; x_wconf 85' lang='lat' dir='ltr'>uigri‚duri</span> <span class='ocrx_word' id='word_1_154' title='bbox 1317 2933 1328 2968; x_wconf 87' lang='lat'>,</span> 
     </span>
     <span class='ocr_line' id='line_1_23' title="bbox 322 2983 1330 3085; baseline 0.006 -24"><span class='ocrx_word' id='word_1_155' title='bbox 322 3005 359 3061; x_wconf 92' lang='lat' dir='ltr'>et</span> <span class='ocrx_word' id='word_1_156' title='bbox 389 2988 501 3085; x_wconf 88' lang='lat' dir='ltr'>plane</span> <span class='ocrx_word' id='word_1_157' title='bbox 527 2991 679 3056; x_wconf 80' lang='lat' dir='ltr'>ntumz&#39;ae</span> <span class='ocrx_word' id='word_1_158' title='bbox 708 2984 847 3058; x_wconf 89' lang='lat' dir='ltr'>similes</span> <span class='ocrx_word' id='word_1_159' title='bbox 879 2983 1022 3062; x_wconf 85' lang='lat' dir='ltr'>fierent.</span> <span class='ocrx_word' id='word_1_160' title='bbox 1061 2991 1207 3063; x_wconf 90' lang='lat' dir='ltr'>Deinde</span> <span class='ocrx_word' id='word_1_161' title='bbox 1236 3020 1330 3067; x_wconf 84' lang='lat' dir='ltr'>vero</span> 
     </span>
     <span class='ocr_line' id='line_1_24' title="bbox 321 3101 1330 3203; baseline 0.004 -23"><span class='ocrx_word' id='word_1_162' title='bbox 321 3131 408 3180; x_wconf 91' lang='lat' dir='ltr'>cum</span> <span class='ocrx_word' id='word_1_163' title='bbox 427 3128 546 3203; x_wconf 88' lang='lat' dir='ltr'>prope</span> <span class='ocrx_word' id='word_1_164' title='bbox 565 3101 760 3174; x_wconf 88' lang='lat' dir='ltr'>malleolos</span> <span class='ocrx_word' id='word_1_165' title='bbox 780 3104 911 3201; x_wconf 84' lang='lat' dir='ltr'>nigra,</span> <span class='ocrx_word' id='word_1_166' title='bbox 930 3120 966 3176; x_wconf 93' lang='lat' dir='ltr'>et</span> <span class='ocrx_word' id='word_1_167' title='bbox 984 3105 1077 3178; x_wconf 87' lang='lat' dir='ltr'>dura</span> <span class='ocrx_word' id='word_1_168' title='bbox 1100 3110 1196 3182; x_wconf 86' lang='lat' dir='ltr'>cutis</span> <span class='ocrx_word' id='word_1_169' title='bbox 1213 3135 1253 3184; x_wconf 87' lang='lat' dir='ltr'>se</span> <span class='ocrx_word' id='word_1_170' title='bbox 1273 3138 1330 3184; x_wconf 83' lang='lat' dir='ltr'>ex·</span> 
     </span>
     <span class='ocr_line' id='line_1_25' title="bbox 320 3217 1331 3312; baseline 0.006 -16"><span class='ocrx_word' id='word_1_171' title='bbox 320 3224 488 3310; x_wconf 84' lang='lat' dir='ltr'>tulisset,</span> <span class='ocrx_word' id='word_1_172' title='bbox 513 3220 582 3292; x_wconf 91' lang='lat' dir='ltr'>sub</span> <span class='ocrx_word' id='word_1_173' title='bbox 612 3245 655 3292; x_wconf 92' lang='lat' dir='ltr'>ea</span> <span class='ocrx_word' id='word_1_174' title='bbox 689 3217 883 3292; x_wconf 82' lang='lat' dir='ltr'>forficibus</span> <span class='ocrx_word' id='word_1_175' title='bbox 914 3221 1061 3312; x_wconf 89' lang='lat' dir='ltr'>ablata,</span> <span class='ocrx_word' id='word_1_176' title='bbox 1092 3225 1201 3300; x_wconf 91' lang='lat' dir='ltr'>ulcus</span> <span class='ocrx_word' id='word_1_177' title='bbox 1229 3229 1331 3304; x_wconf 84' lang='lat' dir='ltr'>inter</span> 
     </span>
     <span class='ocr_line' id='line_1_26' title="bbox 322 3336 1331 3438; baseline 0.007 -24"><span class='ocrx_word' id='word_1_178' title='bbox 322 3340 518 3414; x_wconf 88' lang='lat' dir='ltr'>malleolos</span> <span class='ocrx_word' id='word_1_179' title='bbox 554 3353 739 3410; x_wconf 89' lang='lat' dir='ltr'>retectum</span> <span class='ocrx_word' id='word_1_180' title='bbox 780 3336 920 3412; x_wconf 84' lang='lat' dir='ltr'>fuisse:</span> <span class='ocrx_word' id='word_1_181' title='bbox 958 3341 1063 3438; x_wconf 91' lang='lat' dir='ltr'>quod</span> <span class='ocrx_word' id='word_1_182' title='bbox 1095 3360 1211 3434; x_wconf 86' lang='lat' dir='ltr'>esset,</span> <span class='ocrx_word' id='word_1_183' title='bbox 1243 3373 1331 3420; x_wconf 90' lang='lat' dir='ltr'>cum</span> 
     </span>
     <span class='ocr_line' id='line_1_27' title="bbox 322 3456 1332 3563; baseline 0.007 -32"><span class='ocrx_word' id='word_1_184' title='bbox 322 3457 523 3542; x_wconf 85' lang='lat' dir='ltr'>scriberet,</span> <span class='ocrx_word' id='word_1_185' title='bbox 537 3481 672 3527; x_wconf 89' lang='lat' dir='ltr'>manus</span> <span class='ocrx_word' id='word_1_186' title='bbox 691 3456 912 3549; x_wconf 88' lang='lat' dir='ltr'>latitudine,</span> <span class='ocrx_word' id='word_1_187' title='bbox 941 3460 1069 3532; x_wconf 89' lang='lat' dir='ltr'>colore</span> <span class='ocrx_word' id='word_1_188' title='bbox 1094 3462 1143 3532; x_wconf 90' lang='lat' dir='ltr'>ad</span> <span class='ocrx_word' id='word_1_189' title='bbox 1163 3468 1332 3563; x_wconf 88' lang='lat' dir='ltr'>superio·</span> 
     </span>
     <span class='ocr_line' id='line_1_28' title="bbox 321 3573 1330 3664; baseline 0.008 -15"><span class='ocrx_word' id='word_1_190' title='bbox 321 3601 403 3649; x_wconf 89' lang='lat' dir='ltr'>rem</span> <span class='ocrx_word' id='word_1_191' title='bbox 430 3574 614 3646; x_wconf 89' lang='lat' dir='ltr'>ambitum</span> <span class='ocrx_word' id='word_1_192' title='bbox 648 3573 773 3644; x_wconf 87' lang='lat' dir='ltr'>vivide</span> <span class='ocrx_word' id='word_1_193' title='bbox 802 3574 944 3664; x_wconf 86' lang='lat' dir='ltr'>rubro,</span> <span class='ocrx_word' id='word_1_194' title='bbox 984 3603 1054 3652; x_wconf 88' lang='lat' dir='ltr'>nec</span> <span class='ocrx_word' id='word_1_195' title='bbox 1091 3580 1171 3652; x_wconf 90' lang='lat' dir='ltr'>sine</span> <span class='ocrx_word' id='word_1_196' title='bbox 1196 3582 1330 3658; x_wconf 86' lang='lat' dir='ltr'>dolore</span> 
     </span>
     <span class='ocr_line' id='line_1_29' title="bbox 321 3692 1330 3796; baseline 0.006 -29"><span class='ocrx_word' id='word_1_197' title='bbox 321 3720 408 3768; x_wconf 91' lang='lat' dir='ltr'>cum</span> <span class='ocrx_word' id='word_1_198' title='bbox 438 3692 711 3780; x_wconf 85' lang='lat' dir='ltr'>medebautur,</span> <span class='ocrx_word' id='word_1_199' title='bbox 760 3692 825 3764; x_wconf 87' lang='lat' dir='ltr'>sed</span> <span class='ocrx_word' id='word_1_200' title='bbox 859 3695 1075 3768; x_wconf 84' lang='lat' dir='ltr'>malleolum</span> <span class='ocrx_word' id='word_1_201' title='bbox 1112 3715 1330 3796; x_wconf 86' lang='lat' dir='ltr'>externum,</span> 
     </span>
     <span class='ocr_line' id='line_1_30' title="bbox 321 3807 1329 3908; baseline 0.003 -20"><span class='ocrx_word' id='word_1_202' title='bbox 321 3828 359 3888; x_wconf 90' lang='lat' dir='ltr'>et</span> <span class='ocrx_word' id='word_1_203' title='bbox 386 3812 484 3884; x_wconf 88' lang='lat' dir='ltr'>tibiae</span> <span class='ocrx_word' id='word_1_204' title='bbox 519 3827 663 3908; x_wconf 87' lang='lat' dir='ltr'>partem</span> <span class='ocrx_word' id='word_1_205' title='bbox 698 3811 905 3907; x_wconf 84' lang='lat' dir='ltr'>nigricare;</span> <span class='ocrx_word' id='word_1_206' title='bbox 943 3813 991 3886; x_wconf 89' lang='lat' dir='ltr'>ad</span> <span class='ocrx_word' id='word_1_207' title='bbox 1019 3807 1239 3888; x_wconf 86' lang='lat' dir='ltr'>inferiorem</span> <span class='ocrx_word' id='word_1_208' title='bbox 1264 3845 1329 3891; x_wconf 90' lang='lat' dir='ltr'>au·</span> 
     </span>
     <span class='ocr_line' id='line_1_31' title="bbox 323 3925 1331 4034; baseline 0.003 -29"><span class='ocrx_word' id='word_1_209' title='bbox 323 3947 400 4006; x_wconf 89' lang='lat' dir='ltr'>tem</span> <span class='ocrx_word' id='word_1_210' title='bbox 424 3929 562 4002; x_wconf 87' lang='lat' dir='ltr'>ulceris</span> <span class='ocrx_word' id='word_1_211' title='bbox 593 3925 777 4000; x_wconf 89' lang='lat' dir='ltr'>ambitum</span> <span class='ocrx_word' id='word_1_212' title='bbox 809 3927 988 4004; x_wconf 83' lang='lat' dir='ltr'>fracidam</span> <span class='ocrx_word' id='word_1_213' title='bbox 1020 3958 1121 4023; x_wconf 89' lang='lat' dir='ltr'>esse,</span> <span class='ocrx_word' id='word_1_214' title='bbox 1143 3951 1181 4008; x_wconf 92' lang='lat' dir='ltr'>et</span> <span class='ocrx_word' id='word_1_215' title='bbox 1208 3937 1331 4034; x_wconf 89' lang='lat' dir='ltr'>putri·</span> 
     </span>
    </p>
   </div>
   <div class='ocr_carea' id='block_1_3' title="bbox 0 0 1434 4658">
    <p class='ocr_par' dir='ltr' id='par_1_3' title="bbox 0 0 1434 4658">
     <span class='ocr_line' id='line_1_32' title="bbox 0 0 1434 4658; baseline 0 0"><span class='ocrx_word' id='word_1_216' title='bbox 0 0 1434 4658; x_wconf 95' lang='lat' dir='ltr'> </span> 
     </span>
    </p>
   </div>
  </div>
 </body>
</html>
