2748 4664
101 473 168 524 mt-
179 473 230 524 vt.
247 473 298 524 mt
308 471 445 523 ttottms
456 469 633 522 ementa-
646 500 657 539 ‚
672 463 743 524 eie·
757 471 869 525 tetst.
886 473 988 526 tvm.
1018 477 1086 556 2'27

83 587 325 688 intelligatur.
344 593 486 660 Verum
511 609 591 658 non
614 589 730 660 modo
747 591 787 660 in
805 589 883 679 his,
913 593 977 665 sed
999 598 1092 666 etin
1179 643 1182 649 -

83 705 182 780 faciti
200 709 373 804 alioquin
390 729 581 778 annomm
599 706 649 776 ab
667 731 713 778 eo
732 723 903 806 tempore
922 737 1094 784 numera·

84 826 206 912 tione,
221 842 259 898 et
274 825 474 896 meliorum
495 823 729 894 medicorum
746 825 898 898 indeed
921 844 1093 903 nostrum

84 969 204 1041 usque
220 967 344 1014 aevum
373 942 691 1039 lectione·paren1
720 945 986 1043 negligentiam
1014 951 1093 1020 ani·

84 1060 314 1147 madvertam
338 1059 404 1130 ubi
428 1060 729 1156 mox·sceiptum
759 1075 830 1148 est,
859 1063 960 1135 luem
982 1089 1094 1140 vene·

81 1201 185 1250 team
195 1180 286 1274 jam
303 1176 406 1248 ultra
423 1176 497 1247 300
512 1199 636 1253 annos
652 1179 723 1248 sub
742 1180 812 1248 tali
837 1181 946 1252 titulo
975 1183 1093 1254 dura-

78 1303 185 1385 visse,
210 1295 379 1392 nihilque
409 1299 525 1364 etiaim
545 1293 600 1364 de·
624 1299 786 1366 αίνοοία·
802 1306 1090 1388 summisisse,-

82 1411 242 1510 quaudo
254 1414 497 1484 interotnnes
507 1427 677 1500 constat,
696 1415 985 1511 Neapolitanum
999 1419 1092 1490 illud

83 1529 231 1602 bellum
252 1553 330 1600 non
351 1530 511 1627 coepisse
525 1545 611 1600 ante
629 1555 773 1602 annum
799 1538 911 1630 1494,
932 1551 968 1606 et
987 1536 1092 1608 abeo

80 1673 198 1746 quem
217 1647 334 1745 paulo
351 1663 438 1718 ente
462 1645 629 1735 laudavi,
655 1652 827 1720 Astrucio
848 1653 903 1750 (1)
922 1665 979 1726 tot
1004 1679 1092 1728 auc·

80 1782 182 1838 tores
203 1763 489 1862 producuntur,
506 1767 547 1836 in
575 1767 697 1862 iisque
719 1768 848 1864 plures
870 1773 953 1866 qui,
971 1788 1013 1844 ut
1036 1797 1092 1845 ce·

82 1883 208 1962 iebres
239 1881 376 1954 medici
411 1878 542 1970 ἥκω,1
562 1885 612 1953 ita
642 1885 682 1952 in
705 1888 875 1956 omnium
906 1885 983 1958 fere
1004 1907 1092 1963 sunt

83 1999 281 2088 manibus,
300 2021 465 2096 quorum
486 1999 705 2072 testimonio
733 2002 888 2099 planum
905 2003 967 2088 fit,
987 2006 1091 2078 hunc

78 2117 263 2189 morbum
290 2113 430 2186 factum
455 2139 537 2188 esse
569 2118 760 2191 leviorem.
794 2123 882 2192 Post
922 2121 1023 2209 haec,
1053 2141 1090 2198 et

81 2237 168 2333 post
182 2233 258 2306 alia
279 2258 362 2332 quae
377 2232 571 2305 brevitatis
587 2237 706 2332 gratia
720 2242 856 2309 omitto
870 2293 879 2327 ‚
900 2241 938 2310 in
955 2240 1089 2340 hisque

80 2355 300 2452 proximum
335 2351 441 2420 illum
480 2351 741 2450 aphorismum
782 2347 1089 2453 prognosticum,

65 2473 189 2561 fibris
216 2469 273 2540 lui
295 2489 468 2540 venereae
493 2478 752 2566 supemeniens
770 2475 940 2545 morbum
961 2476 1089 2562 solvit,

82 2590 158 2686 ipse
181 2587 374 2658 existimes
391 2586 523 2675 veiim,
556 2611 660 2657 num·
679 2589 785 2660 istius
801 2591 922 2662 oculis
943 2607 979 2662 et
1007 2593 1090 2662 dili·

81 2707 213 2802 gentiae
229 2717 379 2774 tantum
389 2702 555 2776 tribuere
570 2707 776 2802 possimusg
799 2721 840 2778 ut
859 2723 990 2780 omnes
1007 2711 1088 2805 ejus

84 2822 369 2896 observationes
394 2820 491 2892 nihii
519 2841 680 2920 usquam
714 2822 950 2914 dubitantes,
975 2825 1087 2898 haesi·

83 2953 281 3036 tantesque
291 2939 527 3036 accipiamus.
591 2993 594 2998 -

135 3057 189 3130 16.
225 3064 327 3130 Cave
353 3056 503 3146 eredas,
531 3053 611 3130 haec
632 3082 654 3128 a
680 3079 741 3130 me
766 3058 841 3130 ulia
868 3060 938 3132 alia
957 3084 1087 3150 causa,

84 3191 195 3272 quant
214 3177 295 3247 veri
312 3175 460 3264 studi0,
484 3176 532 3248 de
557 3191 711 3248 auctore
736 3173 837 3248 dicta
854 3201 939 3250 esse
961 3203 1087 3276 neque

83 3291 218 3389 injuria
231 3291 344 3382 mihi,
356 3315 485 3391 neque
496 3291 700 3383 beneficio,
716 3293 807 3364 dum
827 3296 985 3380 viveret,
1003 3321 1089 3394 cog-

86 3411 184 3498 nito,
210 3411 396 3506 etzcujus
423 3410 522 3482 libro
553 3435 619 3484 sua
644 3437 798 3508 quoque
828 3411 930 3484 bona
964 3415 1086 3487 inesse

87 3526 184 3600 haud
200 3553 311 3628 nego.
327 3529 413 3600 Noli
427 3551 610 3625 quaerere,
624 3553 715 3600 num
735 3531 773 3600 in
792 3534 935 3602 ratione
949 3531 1010 3602 iila
1026 3557 1087 3628 pa·

88 3645 175 3718 riter
196 3671 272 3744 qua
287 3641 466 3717 morbum
484 3646 587 3718 hunc
605 3671 684 3720 esse
702 3647 951 3736 vincendum,
977 3649 1086 3720 doce·

98 3853 1092 3886 maenada-*w

128 4027 166 4110 (ι)
187 4037 220 4092 L.
237 4035 288 4094 cit.
305 4055 332 4107 1,
349 4053 376 4093 c.
392 4043 438 4104 14.

884 4129 947 4203 15*
