<?xml version="1.0" encoding="UTF-8"?>
<!DOCTYPE html PUBLIC "-//W3C//DTD XHTML 1.0 Transitional//EN"
    "http://www.w3.org/TR/xhtml1/DTD/xhtml1-transitional.dtd">
<html xmlns="http://www.w3.org/1999/xhtml" xml:lang="en" lang="en">
 <head>
  <title>
</title>
<meta http-equiv="Content-Type" content="text/html;charset=utf-8" />
  <meta name='ocr-system' content='tesseract 3.04.00' />
  <meta name='ocr-capabilities' content='ocr_page ocr_carea ocr_par ocr_line ocrx_word'/>
</head>
<body>
  <div class='ocr_page' id='page_1' title='image "./desedibusetcaus02adelgoog_0470.png"; bbox 0 0 2782 4652; ppageno 0'>
   <div class='ocr_carea' id='block_1_1' title="bbox 75 447 1075 546">
    <p class='ocr_par' dir='ltr' id='par_1_1' title="bbox 75 447 1075 546">
     <span class='ocr_line' id='line_1_1' title="bbox 75 447 1075 546; baseline -0.001 -29"><span class='ocrx_word' id='word_1_1' title='bbox 75 447 1075 546; x_wconf 67' lang='lat' dir='ltr'><strong>mov.utredemtione-soritium.rrtsr.cxiii.477</strong></span> 
     </span>
    </p>
   </div>
   <div class='ocr_carea' id='block_1_2' title="bbox 73 577 1097 3386">
    <p class='ocr_par' dir='ltr' id='par_1_2' title="bbox 74 577 1082 2087">
     <span class='ocr_line' id='line_1_2' title="bbox 76 577 1075 679; baseline -0.001 -23"><span class='ocrx_word' id='word_1_2' title='bbox 76 582 197 656; x_wconf 85' lang='lat' dir='ltr'><strong>oblati</strong></span> <span class='ocrx_word' id='word_1_3' title='bbox 215 595 304 654; x_wconf 89' lang='lat' dir='ltr'><strong>sunt</strong></span> <span class='ocrx_word' id='word_1_4' title='bbox 326 580 367 650; x_wconf 92' lang='lat' dir='ltr'><strong>in</strong></span> <span class='ocrx_word' id='word_1_5' title='bbox 386 580 608 652; x_wconf 80' lang='lat' dir='ltr'><strong>nosocomio</strong></span> <span class='ocrx_word' id='word_1_6' title='bbox 627 577 698 652; x_wconf 88' lang='lat' dir='ltr'><strong>sub</strong></span> <span class='ocrx_word' id='word_1_7' title='bbox 717 581 809 653; x_wconf 83' lang='lat' dir='ltr'><strong>anni</strong></span> <span class='ocrx_word' id='word_1_8' title='bbox 831 579 948 660; x_wconf 86' lang='lat' dir='ltr'><strong>finem</strong></span> <span class='ocrx_word' id='word_1_9' title='bbox 971 582 1075 679; x_wconf 82' lang='lat'><strong>1755.</strong></span> 
     </span>
     <span class='ocr_line' id='line_1_3' title="bbox 75 697 1081 798; baseline 0.004 -28"><span class='ocrx_word' id='word_1_10' title='bbox 75 699 251 772; x_wconf 83' lang='lat' dir='ltr'><strong>Exterius</strong></span> <span class='ocrx_word' id='word_1_11' title='bbox 276 722 344 796; x_wconf 88' lang='lat' dir='ltr'><strong>per</strong></span> <span class='ocrx_word' id='word_1_12' title='bbox 368 715 546 768; x_wconf 87' lang='lat' dir='ltr'><strong>corneam</strong></span> <span class='ocrx_word' id='word_1_13' title='bbox 571 697 748 794; x_wconf 81' lang='lat' dir='ltr'><strong>inspecti,</strong></span> <span class='ocrx_word' id='word_1_14' title='bbox 774 697 916 770; x_wconf 83' lang='lat' dir='ltr'><strong>turbidi</strong></span> <span class='ocrx_word' id='word_1_15' title='bbox 935 701 1081 798; x_wconf 86' lang='lat' dir='ltr'><strong>potius,</strong></span> 
     </span>
     <span class='ocr_line' id='line_1_4' title="bbox 76 801 1082 916; baseline 0.004 -28"><span class='ocrx_word' id='word_1_16' title='bbox 76 841 193 914; x_wconf 84' lang='lat' dir='ltr'><strong>quam</strong></span> <span class='ocrx_word' id='word_1_17' title='bbox 220 813 314 903; x_wconf 80' lang='lat' dir='ltr'><strong>albi,</strong></span> <span class='ocrx_word' id='word_1_18' title='bbox 334 801 571 888; x_wconf 69' lang='lat' dir='ltr'><strong>videbaniur.</strong></span> <span class='ocrx_word' id='word_1_19' title='bbox 593 814 858 912; x_wconf 77' lang='lat' dir='ltr'><strong>crystallinum</strong></span> <span class='ocrx_word' id='word_1_20' title='bbox 877 831 1082 916; x_wconf 87' lang='lat' dir='ltr'><strong>utrumque</strong></span> 
     </span>
     <span class='ocr_line' id='line_1_5' title="bbox 74 929 1081 1034; baseline 0.004 -30"><span class='ocrx_word' id='word_1_21' title='bbox 74 933 281 1006; x_wconf 80' lang='lat' dir='ltr'><strong>humorem</strong></span> <span class='ocrx_word' id='word_1_22' title='bbox 300 929 700 1030; x_wconf 82' lang='lat' dir='ltr'><strong>subopacumuffendi‚</strong></span> <span class='ocrx_word' id='word_1_23' title='bbox 715 955 794 1004; x_wconf 88' lang='lat' dir='ltr'><strong>non</strong></span> <span class='ocrx_word' id='word_1_24' title='bbox 806 947 848 1006; x_wconf 91' lang='lat' dir='ltr'><strong>ut</strong></span> <span class='ocrx_word' id='word_1_25' title='bbox 866 932 1081 1034; x_wconf 81' lang='lat' dir='ltr'><strong>alibimagis</strong></span> 
     </span>
     <span class='ocr_line' id='line_1_6' title="bbox 75 1047 1079 1150; baseline 0.004 -30"><span class='ocrx_word' id='word_1_26' title='bbox 75 1073 224 1147; x_wconf 83' lang='lat' dir='ltr'><strong>opacus</strong></span> <span class='ocrx_word' id='word_1_27' title='bbox 232 1047 442 1137; x_wconf 77' lang='lat' dir='ltr'><strong>esset,alibi</strong></span> <span class='ocrx_word' id='word_1_28' title='bbox 452 1047 917 1147; x_wconf 70' lang='lat' dir='ltr'><strong>minus,sedutaequaiitcr</strong></span> <span class='ocrx_word' id='word_1_29' title='bbox 928 1050 1079 1150; x_wconf 86' lang='lat' dir='ltr'><strong>ubique.</strong></span> 
     </span>
     <span class='ocr_line' id='line_1_7' title="bbox 74 1165 1080 1267; baseline 0.004 -29"><span class='ocrx_word' id='word_1_30' title='bbox 74 1165 155 1240; x_wconf 84' lang='lat' dir='ltr'><strong>sub</strong></span> <span class='ocrx_word' id='word_1_31' title='bbox 176 1167 313 1264; x_wconf 82' lang='lat' dir='ltr'><strong>digito,</strong></span> <span class='ocrx_word' id='word_1_32' title='bbox 332 1167 409 1238; x_wconf 90' lang='lat' dir='ltr'><strong>imo</strong></span> <span class='ocrx_word' id='word_1_33' title='bbox 421 1167 520 1240; x_wconf 89' lang='lat' dir='ltr'><strong>inter</strong></span> <span class='ocrx_word' id='word_1_34' title='bbox 534 1165 670 1266; x_wconf 84' lang='lat' dir='ltr'><strong>digitos</strong></span> <span class='ocrx_word' id='word_1_35' title='bbox 682 1167 782 1240; x_wconf 88' lang='lat' dir='ltr'><strong>visus</strong></span> <span class='ocrx_word' id='word_1_36' title='bbox 794 1181 958 1265; x_wconf 89' lang='lat' dir='ltr'><strong>uterque</strong></span> <span class='ocrx_word' id='word_1_37' title='bbox 975 1193 1080 1267; x_wconf 80' lang='lat' dir='ltr'><strong>aeque</strong></span> 
     </span>
     <span class='ocr_line' id='line_1_8' title="bbox 74 1282 1079 1381; baseline 0.002 -25"><span class='ocrx_word' id='word_1_38' title='bbox 74 1283 206 1358; x_wconf 88' lang='lat' dir='ltr'><strong>durus.</strong></span> <span class='ocrx_word' id='word_1_39' title='bbox 224 1283 296 1358; x_wconf 87' lang='lat' dir='ltr'><strong>Sed</strong></span> <span class='ocrx_word' id='word_1_40' title='bbox 307 1298 433 1358; x_wconf 77' lang='lat' dir='ltr'><strong>tamen</strong></span> <span class='ocrx_word' id='word_1_41' title='bbox 442 1282 554 1370; x_wconf 87' lang='lat' dir='ltr'><strong>alter,</strong></span> <span class='ocrx_word' id='word_1_42' title='bbox 573 1284 729 1381; x_wconf 82' lang='lat' dir='ltr'><strong>quierat</strong></span> <span class='ocrx_word' id='word_1_43' title='bbox 741 1285 910 1370; x_wconf 84' lang='lat' dir='ltr'><strong>tenuior,</strong></span> <span class='ocrx_word' id='word_1_44' title='bbox 923 1286 1079 1358; x_wconf 84' lang='lat' dir='ltr'><strong>sicciore</strong></span> 
     </span>
     <span class='ocr_line' id='line_1_9' title="bbox 75 1398 1080 1501; baseline 0 -27"><span class='ocrx_word' id='word_1_45' title='bbox 75 1401 284 1474; x_wconf 85' lang='lat' dir='ltr'><strong>substantia</strong></span> <span class='ocrx_word' id='word_1_46' title='bbox 308 1398 396 1490; x_wconf 83' lang='lat' dir='ltr'><strong>fuit,</strong></span> <span class='ocrx_word' id='word_1_47' title='bbox 425 1401 619 1498; x_wconf 85' lang='lat' dir='ltr'><strong>magisque</strong></span> <span class='ocrx_word' id='word_1_48' title='bbox 654 1415 858 1500; x_wconf 85' lang='lat' dir='ltr'><strong>compacta.</strong></span> <span class='ocrx_word' id='word_1_49' title='bbox 891 1403 994 1478; x_wconf 82' lang='lat' dir='ltr'><strong>Alter</strong></span> <span class='ocrx_word' id='word_1_50' title='bbox 1013 1405 1080 1501; x_wconf 91' lang='lat' dir='ltr'><strong>qui</strong></span> 
     </span>
     <span class='ocr_line' id='line_1_10' title="bbox 75 1517 1079 1617; baseline 0.006 -26"><span class='ocrx_word' id='word_1_51' title='bbox 75 1521 253 1608; x_wconf 84' lang='lat' dir='ltr'><strong>crassior,</strong></span> <span class='ocrx_word' id='word_1_52' title='bbox 269 1518 353 1617; x_wconf 88' lang='lat' dir='ltr'><strong>plus</strong></span> <span class='ocrx_word' id='word_1_53' title='bbox 375 1543 482 1616; x_wconf 81' lang='lat' dir='ltr'><strong>aequo</strong></span> <span class='ocrx_word' id='word_1_54' title='bbox 504 1517 705 1606; x_wconf 88' lang='lat' dir='ltr'><strong>humidus,</strong></span> <span class='ocrx_word' id='word_1_55' title='bbox 740 1535 783 1592; x_wconf 93' lang='lat' dir='ltr'><strong>ut</strong></span> <span class='ocrx_word' id='word_1_56' title='bbox 812 1517 1013 1595; x_wconf 87' lang='lat' dir='ltr'><strong>humorem</strong></span> <span class='ocrx_word' id='word_1_57' title='bbox 1039 1523 1079 1597; x_wconf 85' lang='lat' dir='ltr'><strong>iu</strong></span> 
     </span>
     <span class='ocr_line' id='line_1_11' title="bbox 74 1634 1080 1740; baseline 0.003 -32"><span class='ocrx_word' id='word_1_58' title='bbox 74 1635 304 1710; x_wconf 86' lang='lat' dir='ltr'><strong>dissectione</strong></span> <span class='ocrx_word' id='word_1_59' title='bbox 323 1649 426 1708; x_wconf 88' lang='lat' dir='ltr'><strong>totus</strong></span> <span class='ocrx_word' id='word_1_60' title='bbox 462 1637 631 1708; x_wconf 88' lang='lat' dir='ltr'><strong>emittere</strong></span> <span class='ocrx_word' id='word_1_61' title='bbox 662 1634 876 1725; x_wconf 77' lang='lat' dir='ltr'><strong>videretur,</strong></span> <span class='ocrx_word' id='word_1_62' title='bbox 899 1662 978 1710; x_wconf 87' lang='lat' dir='ltr'><strong>non</strong></span> <span class='ocrx_word' id='word_1_63' title='bbox 1011 1641 1080 1740; x_wconf 89' lang='lat' dir='ltr'><strong>qui</strong></span> 
     </span>
     <span class='ocr_line' id='line_1_12' title="bbox 75 1751 1079 1851; baseline 0.002 -25"><span class='ocrx_word' id='word_1_64' title='bbox 75 1753 242 1826; x_wconf 82' lang='lat' dir='ltr'><strong>exsiliret</strong></span> <span class='ocrx_word' id='word_1_65' title='bbox 253 1769 379 1826; x_wconf 78' lang='lat' dir='ltr'><strong>tamen</strong></span> <span class='ocrx_word' id='word_1_66' title='bbox 391 1806 402 1841; x_wconf 90' lang='lat'><strong>,</strong></span> <span class='ocrx_word' id='word_1_67' title='bbox 413 1752 486 1826; x_wconf 81' lang='lat' dir='ltr'><strong>sed</strong></span> <span class='ocrx_word' id='word_1_68' title='bbox 503 1753 570 1851; x_wconf 92' lang='lat' dir='ltr'><strong>qui</strong></span> <span class='ocrx_word' id='word_1_69' title='bbox 582 1751 789 1826; x_wconf 81' lang='lat' dir='ltr'><strong>exsudaret.</strong></span> <span class='ocrx_word' id='word_1_70' title='bbox 803 1757 943 1826; x_wconf 86' lang='lat' dir='ltr'><strong>Eorum</strong></span> <span class='ocrx_word' id='word_1_71' title='bbox 956 1756 1079 1844; x_wconf 86' lang='lat' dir='ltr'><strong>alteri,</strong></span> 
     </span>
     <span class='ocr_line' id='line_1_13' title="bbox 74 1869 1079 1968; baseline 0.002 -26"><span class='ocrx_word' id='word_1_72' title='bbox 74 1895 166 1944; x_wconf 81' lang='lat' dir='ltr'><strong>uam</strong></span> <span class='ocrx_word' id='word_1_73' title='bbox 184 1872 258 1942; x_wconf 87' lang='lat' dir='ltr'><strong>utri</strong></span> <span class='ocrx_word' id='word_1_74' title='bbox 266 1871 488 1944; x_wconf 80' lang='lat' dir='ltr'><strong>adnotatum</strong></span> <span class='ocrx_word' id='word_1_75' title='bbox 507 1895 586 1940; x_wconf 90' lang='lat' dir='ltr'><strong>non</strong></span> <span class='ocrx_word' id='word_1_76' title='bbox 604 1869 750 1959; x_wconf 83' lang='lat' dir='ltr'><strong>habeo,</strong></span> <span class='ocrx_word' id='word_1_77' title='bbox 769 1870 950 1968; x_wconf 83' lang='lat' dir='ltr'><strong>amplior,</strong></span> <span class='ocrx_word' id='word_1_78' title='bbox 972 1872 1079 1946; x_wconf 89' lang='lat' dir='ltr'><strong>alteri</strong></span> 
     </span>
     <span class='ocr_line' id='line_1_14' title="bbox 75 1987 908 2087; baseline -0.001 -27"><span class='ocrx_word' id='word_1_79' title='bbox 75 1987 280 2062; x_wconf 88' lang='lat' dir='ltr'><strong>mediocris</strong></span> <span class='ocrx_word' id='word_1_80' title='bbox 298 1988 471 2060; x_wconf 83' lang='lat' dir='ltr'><strong>diametri</strong></span> <span class='ocrx_word' id='word_1_81' title='bbox 486 1988 629 2086; x_wconf 89' lang='lat' dir='ltr'><strong>pupilla</strong></span> <span class='ocrx_word' id='word_1_82' title='bbox 644 1987 908 2087; x_wconf 81' lang='lat' dir='ltr'><strong>respondebat.</strong></span> 
     </span>
    </p>

    <p class='ocr_par' dir='ltr' id='par_1_3' title="bbox 73 2101 1097 3386">
     <span class='ocr_line' id='line_1_15' title="bbox 130 2101 1083 2204; baseline -0.001 -27"><span class='ocrx_word' id='word_1_83' title='bbox 130 2130 186 2180; x_wconf 84' lang='grc' dir='ltr'><strong>ιι.</strong></span> <span class='ocrx_word' id='word_1_84' title='bbox 207 2107 245 2176; x_wconf 87' lang='lat' dir='ltr'><strong>Si</strong></span> <span class='ocrx_word' id='word_1_85' title='bbox 259 2101 355 2178; x_wconf 86' lang='lat' dir='ltr'><strong>forte</strong></span> <span class='ocrx_word' id='word_1_86' title='bbox 371 2106 442 2178; x_wconf 85' lang='lat' dir='ltr'><strong>alia</strong></span> <span class='ocrx_word' id='word_1_87' title='bbox 461 2107 568 2202; x_wconf 88' lang='lat' dir='ltr'><strong>cupis</strong></span> <span class='ocrx_word' id='word_1_88' title='bbox 581 2107 775 2204; x_wconf 81' lang='lat' dir='ltr'><strong>opacitatis</strong></span> <span class='ocrx_word' id='word_1_89' title='bbox 791 2131 870 2178; x_wconf 88' lang='lat' dir='ltr'><strong>non</strong></span> <span class='ocrx_word' id='word_1_90' title='bbox 887 2119 964 2180; x_wconf 82' lang='lat' dir='ltr'><strong>tam</strong></span> <span class='ocrx_word' id='word_1_91' title='bbox 981 2129 1083 2204; x_wconf 82' lang='lat' dir='ltr'><strong>crys-</strong></span> 
     </span>
     <span class='ocr_line' id='line_1_16' title="bbox 77 2221 1078 2322; baseline -0.001 -27"><span class='ocrx_word' id='word_1_92' title='bbox 77 2223 199 2296; x_wconf 82' lang='lat' dir='ltr'><strong>tallini</strong></span> <span class='ocrx_word' id='word_1_93' title='bbox 211 2221 401 2312; x_wconf 91' lang='lat' dir='ltr'><strong>humoris,</strong></span> <span class='ocrx_word' id='word_1_94' title='bbox 419 2245 532 2320; x_wconf 88' lang='lat' dir='ltr'><strong>quam</strong></span> <span class='ocrx_word' id='word_1_95' title='bbox 545 2223 626 2319; x_wconf 87' lang='lat' dir='ltr'><strong>ejus</strong></span> <span class='ocrx_word' id='word_1_96' title='bbox 637 2225 790 2312; x_wconf 78' lang='lat' dir='ltr'><strong>tunicae,</strong></span> <span class='ocrx_word' id='word_1_97' title='bbox 805 2223 994 2322; x_wconf 79' lang='lat' dir='ltr'><strong>exempla,</strong></span> <span class='ocrx_word' id='word_1_98' title='bbox 1011 2225 1078 2299; x_wconf 83' lang='lat' dir='ltr'><strong>cei.</strong></span> 
     </span>
     <span class='ocr_line' id='line_1_17' title="bbox 75 2337 1081 2440; baseline 0.004 -30"><span class='ocrx_word' id='word_1_99' title='bbox 75 2337 184 2412; x_wconf 87' lang='lat' dir='ltr'><strong>dabit</strong></span> <span class='ocrx_word' id='word_1_100' title='bbox 194 2337 366 2426; x_wconf 83' lang='lat' dir='ltr'><strong>Hallerus</strong></span> <span class='ocrx_word' id='word_1_101' title='bbox 383 2339 449 2437; x_wconf 86' lang='lat'><em>(1).</em></span> <span class='ocrx_word' id='word_1_102' title='bbox 471 2340 585 2436; x_wconf 88' lang='lat' dir='ltr'><strong>Cujus</strong></span> <span class='ocrx_word' id='word_1_103' title='bbox 601 2339 674 2437; x_wconf 82' lang='lat'><strong>(2),</strong></span> <span class='ocrx_word' id='word_1_104' title='bbox 692 2356 729 2412; x_wconf 91' lang='lat' dir='ltr'><strong>et</strong></span> <span class='ocrx_word' id='word_1_105' title='bbox 747 2341 792 2412; x_wconf 89' lang='lat' dir='ltr'><strong>cl.</strong></span> <span class='ocrx_word' id='word_1_106' title='bbox 806 2343 929 2414; x_wconf 83' lang='lat' dir='ltr'><strong>Zinnii</strong></span> <span class='ocrx_word' id='word_1_107' title='bbox 944 2341 997 2440; x_wconf 82' lang='lat'><strong>(3)</strong></span> <span class='ocrx_word' id='word_1_108' title='bbox 1016 2339 1081 2414; x_wconf 90' lang='lat' dir='ltr'><strong>ob·</strong></span> 
     </span>
     <span class='ocr_line' id='line_1_18' title="bbox 74 2457 1082 2555; baseline 0.004 -27"><span class='ocrx_word' id='word_1_109' title='bbox 74 2457 568 2550; x_wconf 84' lang='lat' dir='ltr'><strong>servationes‚inventama</strong></span> <span class='ocrx_word' id='word_1_110' title='bbox 579 2458 882 2555; x_wconf 69' lang='lat' dir='ltr'><strong>praestantissimo</strong></span> <span class='ocrx_word' id='word_1_111' title='bbox 902 2457 1082 2540; x_wconf 84' lang='lat' dir='ltr'><strong>Wacheu·</strong></span> 
     </span>
     <span class='ocr_line' id='line_1_19' title="bbox 73 2567 1083 2669; baseline 0.003 -26"><span class='ocrx_word' id='word_1_112' title='bbox 73 2567 218 2644; x_wconf 78' lang='lat' dir='ltr'><strong>dorffio</strong></span> <span class='ocrx_word' id='word_1_113' title='bbox 235 2569 293 2668; x_wconf 70' lang='lat'><strong>(4)</strong></span> <span class='ocrx_word' id='word_1_114' title='bbox 307 2571 529 2669; x_wconf 87' lang='lat' dir='ltr'><strong>pupillarem</strong></span> <span class='ocrx_word' id='word_1_115' title='bbox 540 2571 653 2648; x_wconf 83' lang='lat' dir='ltr'><strong>foetus</strong></span> <span class='ocrx_word' id='word_1_116' title='bbox 669 2573 929 2649; x_wconf 64' lang='lat' dir='ltr'><strong>menmenam</strong></span> <span class='ocrx_word' id='word_1_117' title='bbox 948 2575 1083 2654; x_wconf 86' lang='lat' dir='ltr'><strong>confir·</strong></span> 
     </span>
     <span class='ocr_line' id='line_1_20' title="bbox 75 2686 1083 2789; baseline 0.008 -33"><span class='ocrx_word' id='word_1_118' title='bbox 75 2699 226 2760; x_wconf 80' lang='lat' dir='ltr'><strong>mantes</strong></span> <span class='ocrx_word' id='word_1_119' title='bbox 235 2711 321 2758; x_wconf 91' lang='lat' dir='ltr'><strong>cum</strong></span> <span class='ocrx_word' id='word_1_120' title='bbox 339 2687 524 2785; x_wconf 83' lang='lat' dir='ltr'><strong>legerem3</strong></span> <span class='ocrx_word' id='word_1_121' title='bbox 543 2686 649 2760; x_wconf 82' lang='lat' dir='ltr'><strong>facile</strong></span> <span class='ocrx_word' id='word_1_122' title='bbox 664 2691 757 2762; x_wconf 89' lang='lat' dir='ltr'><strong>mihi</strong></span> <span class='ocrx_word' id='word_1_123' title='bbox 767 2693 960 2788; x_wconf 87' lang='lat' dir='ltr'><strong>conjicere</strong></span> <span class='ocrx_word' id='word_1_124' title='bbox 971 2715 1083 2789; x_wconf 90' lang='lat' dir='ltr'><strong>posse</strong></span> 
     </span>
     <span class='ocr_line' id='line_1_21' title="bbox 75 2803 1085 2907; baseline 0.007 -33"><span class='ocrx_word' id='word_1_125' title='bbox 75 2808 182 2878; x_wconf 87' lang='lat' dir='ltr'><strong>visus</strong></span> <span class='ocrx_word' id='word_1_126' title='bbox 211 2827 314 2893; x_wconf 87' lang='lat' dir='ltr'><strong>sum,</strong></span> <span class='ocrx_word' id='word_1_127' title='bbox 343 2805 437 2902; x_wconf 87' lang='lat' dir='ltr'><strong>quid</strong></span> <span class='ocrx_word' id='word_1_128' title='bbox 468 2803 582 2877; x_wconf 86' lang='lat' dir='ltr'><strong>fuerit</strong></span> <span class='ocrx_word' id='word_1_129' title='bbox 613 2821 861 2904; x_wconf 79' lang='lat' dir='ltr'><strong>tegumentum</strong></span> <span class='ocrx_word' id='word_1_130' title='bbox 889 2807 1085 2907; x_wconf 84' lang='lat' dir='ltr'><strong>quoddam</strong></span> 
     </span>
     <span class='ocr_line' id='line_1_22' title="bbox 78 2921 1083 3022; baseline 0.007 -28"><span class='ocrx_word' id='word_1_131' title='bbox 78 2923 403 2994; x_wconf 75' lang='lat' dir='ltr'><strong>menebranoceum</strong></span> <span class='ocrx_word' id='word_1_132' title='bbox 416 2922 580 3022; x_wconf 82' lang='lat' dir='ltr'><strong>pupr&#39;lloe</strong></span> <span class='ocrx_word' id='word_1_133' title='bbox 606 2921 824 3013; x_wconf 74' lang='lat' dir='ltr'><strong>obductum,</strong></span> <span class='ocrx_word' id='word_1_134' title='bbox 852 2949 902 2996; x_wconf 76' lang='lat' dir='ltr'><strong>ex</strong></span> <span class='ocrx_word' id='word_1_135' title='bbox 930 2929 1083 3018; x_wconf 73' lang='lat' dir='ltr'><strong>infantis</strong></span> 
     </span>
     <span class='ocr_line' id='line_1_23' title="bbox 79 3037 1086 3138; baseline 0.008 -30"><span class='ocrx_word' id='word_1_136' title='bbox 79 3063 238 3138; x_wconf 84' lang='lat' dir='ltr'><strong>corpore</strong></span> <span class='ocrx_word' id='word_1_137' title='bbox 246 3092 255 3129; x_wconf 95' lang='lat'><strong>,</strong></span> <span class='ocrx_word' id='word_1_138' title='bbox 264 3045 470 3112; x_wconf 82' lang='lat' dir='ltr'><strong>ceraetiam</strong></span> <span class='ocrx_word' id='word_1_139' title='bbox 484 3037 730 3137; x_wconf 75' lang='lat' dir='ltr'><strong>liquidissima</strong></span> <span class='ocrx_word' id='word_1_140' title='bbox 737 3039 887 3138; x_wconf 83' lang='lat' dir='ltr'><strong>repletis</strong></span> <span class='ocrx_word' id='word_1_141' title='bbox 899 3040 1086 3123; x_wconf 74' lang='lat' dir='ltr'><strong>arteriolt&#39;o</strong></span> 
     </span>
     <span class='ocr_line' id='line_1_24' title="bbox 81 3155 1097 3258; baseline 0.011 -35"><span class='ocrx_word' id='word_1_142' title='bbox 81 3155 123 3226; x_wconf 84' lang='lat' dir='ltr'><strong>id</strong></span> <span class='ocrx_word' id='word_1_143' title='bbox 146 3159 474 3258; x_wconf 77' lang='lat' dir='ltr'><strong>perreptantr&#39;bus,</strong></span> <span class='ocrx_word' id='word_1_144' title='bbox 512 3158 649 3229; x_wconf 84' lang='lat' dir='ltr'><strong>eximio</strong></span> <span class='ocrx_word' id='word_1_145' title='bbox 689 3157 838 3232; x_wconf 85' lang='lat' dir='ltr'><strong>medico</strong></span> <span class='ocrx_word' id='word_1_146' title='bbox 878 3160 1097 3242; x_wconf 74' lang='lat' dir='ltr'><strong>Richardio,</strong></span> 
     </span>
     <span class='ocr_line' id='line_1_25' title="bbox 82 3272 1085 3386; baseline 0.012 -44"><span class='ocrx_word' id='word_1_147' title='bbox 82 3272 229 3346; x_wconf 87' lang='lat' dir='ltr'><strong>Mcadio</strong></span> <span class='ocrx_word' id='word_1_148' title='bbox 241 3273 295 3369; x_wconf 84' lang='lat'><strong>(5)</strong></span> <span class='ocrx_word' id='word_1_149' title='bbox 314 3289 527 3362; x_wconf 87' lang='lat' dir='ltr'><strong>ostensum,</strong></span> <span class='ocrx_word' id='word_1_150' title='bbox 541 3299 618 3372; x_wconf 91' lang='lat' dir='ltr'><strong>quo</strong></span> <span class='ocrx_word' id='word_1_151' title='bbox 634 3275 714 3373; x_wconf 89' lang='lat' dir='ltr'><strong>ipse</strong></span> <span class='ocrx_word' id='word_1_152' title='bbox 731 3299 820 3349; x_wconf 88' lang='lat' dir='ltr'><strong>usus</strong></span> <span class='ocrx_word' id='word_1_153' title='bbox 837 3291 893 3353; x_wconf 88' lang='lat' dir='ltr'><strong>est</strong></span> <span class='ocrx_word' id='word_1_154' title='bbox 916 3277 1085 3386; x_wconf 82' lang='lat' dir='ltr'><strong>adcom-</strong></span> 
     </span>
    </p>
   </div>
   <div class='ocr_carea' id='block_1_3' title="bbox 122 3594 891 4072">
    <p class='ocr_par' dir='ltr' id='par_1_4' title="bbox 122 3594 563 3676">
     <span class='ocr_line' id='line_1_26' title="bbox 122 3594 563 3676; baseline 0.007 -23"><span class='ocrx_word' id='word_1_155' title='bbox 122 3594 166 3676; x_wconf 84' lang='lat'><strong>(1)</strong></span> <span class='ocrx_word' id='word_1_156' title='bbox 186 3598 296 3672; x_wconf 81' lang='lat' dir='ltr'><strong>Opusc.</strong></span> <span class='ocrx_word' id='word_1_157' title='bbox 309 3597 439 3672; x_wconf 64' lang='lat' dir='ltr'><strong>pathol„</strong></span> <span class='ocrx_word' id='word_1_158' title='bbox 453 3597 563 3666; x_wconf 59' lang='lat' dir='ltr'><strong>obsi.</strong></span> 
     </span>
    </p>

    <p class='ocr_par' dir='ltr' id='par_1_5' title="bbox 123 3691 488 3774">
     <span class='ocr_line' id='line_1_27' title="bbox 123 3691 488 3774; baseline 0.011 -23"><span class='ocrx_word' id='word_1_159' title='bbox 123 3691 164 3774; x_wconf 72' lang='grc' dir='ltr'><strong>(α)</strong></span> <span class='ocrx_word' id='word_1_160' title='bbox 185 3697 296 3772; x_wconf 85' lang='lat' dir='ltr'><strong>Opusc.</strong></span> <span class='ocrx_word' id='word_1_161' title='bbox 311 3709 389 3754; x_wconf 84' lang='lat' dir='ltr'><strong>anat.</strong></span> <span class='ocrx_word' id='word_1_162' title='bbox 403 3697 488 3755; x_wconf 85' lang='lat' dir='ltr'><strong>XIII.</strong></span> 
     </span>
    </p>

    <p class='ocr_par' dir='ltr' id='par_1_6' title="bbox 123 3792 891 4072">
     <span class='ocr_line' id='line_1_28' title="bbox 124 3792 852 3873; baseline 0.008 -21"><span class='ocrx_word' id='word_1_163' title='bbox 124 3792 165 3873; x_wconf 76' lang='lat'><strong>(3)</strong></span> <span class='ocrx_word' id='word_1_164' title='bbox 187 3797 290 3854; x_wconf 81' lang='lat' dir='ltr'><strong>Descr.</strong></span> <span class='ocrx_word' id='word_1_165' title='bbox 305 3807 383 3852; x_wconf 86' lang='lat' dir='ltr'><strong>anat.</strong></span> <span class='ocrx_word' id='word_1_166' title='bbox 397 3797 477 3854; x_wconf 83' lang='lat' dir='ltr'><strong>oculi</strong></span> <span class='ocrx_word' id='word_1_167' title='bbox 487 3795 586 3869; x_wconf 74' lang='lat' dir='ltr'><strong>hum,</strong></span> <span class='ocrx_word' id='word_1_168' title='bbox 605 3818 631 3856; x_wconf 91' lang='lat' dir='ltr'><strong>c.</strong></span> <span class='ocrx_word' id='word_1_169' title='bbox 646 3817 678 3871; x_wconf 81' lang='lat'><strong>2,</strong></span> <span class='ocrx_word' id='word_1_170' title='bbox 692 3818 716 3856; x_wconf 86' lang='lat' dir='ltr'><strong>s.</strong></span> <span class='ocrx_word' id='word_1_171' title='bbox 731 3797 765 3872; x_wconf 78' lang='lat'><strong>3,</strong></span> <span class='ocrx_word' id='word_1_172' title='bbox 779 3803 795 3871; x_wconf 68' lang='grc' dir='ltr'><strong>ς</strong></span> <span class='ocrx_word' id='word_1_173' title='bbox 809 3806 852 3866; x_wconf 73' lang='lat' dir='ltr'><strong>d.-</strong></span> 
     </span>
     <span class='ocr_line' id='line_1_29' title="bbox 123 3885 891 3973; baseline 0.013 -25"><span class='ocrx_word' id='word_1_174' title='bbox 123 3892 167 3972; x_wconf 65' lang='grc' dir='ltr'><strong>(Ι.)</strong></span> <span class='ocrx_word' id='word_1_175' title='bbox 187 3885 352 3953; x_wconf 83' lang='lat' dir='ltr'><strong>Commerc.</strong></span> <span class='ocrx_word' id='word_1_176' title='bbox 366 3896 455 3952; x_wconf 87' lang='lat' dir='ltr'><strong>litter.</strong></span> <span class='ocrx_word' id='word_1_177' title='bbox 470 3915 518 3954; x_wconf 83' lang='lat' dir='ltr'><strong>an.</strong></span> <span class='ocrx_word' id='word_1_178' title='bbox 536 3904 628 3971; x_wconf 72' lang='lat'><strong>1740,</strong></span> <span class='ocrx_word' id='word_1_179' title='bbox 640 3894 730 3958; x_wconf 82' lang='lat' dir='ltr'><strong>hebd.</strong></span> <span class='ocrx_word' id='word_1_180' title='bbox 747 3899 801 3973; x_wconf 78' lang='lat'><strong>18,</strong></span> <span class='ocrx_word' id='word_1_181' title='bbox 817 3918 848 3957; x_wconf 85' lang='lat' dir='ltr'><strong>u.</strong></span> <span class='ocrx_word' id='word_1_182' title='bbox 864 3919 891 3958; x_wconf 88' lang='lat' dir='ltr'><strong>r.</strong></span> 
     </span>
     <span class='ocr_line' id='line_1_30' title="bbox 125 3990 627 4072; baseline 0.006 -21"><span class='ocrx_word' id='word_1_183' title='bbox 125 3990 167 4071; x_wconf 79' lang='lat'><strong>(5)</strong></span> <span class='ocrx_word' id='word_1_184' title='bbox 188 3995 297 4053; x_wconf 83' lang='lat' dir='ltr'><strong>Monit.</strong></span> <span class='ocrx_word' id='word_1_185' title='bbox 310 3995 432 4070; x_wconf 81' lang='lat' dir='ltr'><strong>medic,</strong></span> <span class='ocrx_word' id='word_1_186' title='bbox 447 4015 472 4054; x_wconf 91' lang='lat' dir='ltr'><strong>c.</strong></span> <span class='ocrx_word' id='word_1_187' title='bbox 491 4015 523 4055; x_wconf 87' lang='lat'><strong>11</strong></span> <span class='ocrx_word' id='word_1_188' title='bbox 536 4037 546 4072; x_wconf 91' lang='lat'><strong>,</strong></span> <span class='ocrx_word' id='word_1_189' title='bbox 557 4017 581 4056; x_wconf 86' lang='lat' dir='ltr'><strong>s.</strong></span> <span class='ocrx_word' id='word_1_190' title='bbox 598 4015 627 4056; x_wconf 78' lang='lat' dir='ltr'><strong>u.</strong></span> 
     </span>
    </p>
   </div>
   <div class='ocr_carea' id='block_1_4' title="bbox 0 0 1400 4652">
    <p class='ocr_par' dir='ltr' id='par_1_7' title="bbox 0 0 1400 4652">
     <span class='ocr_line' id='line_1_31' title="bbox 0 0 1400 4652; baseline 0 0"><span class='ocrx_word' id='word_1_191' title='bbox 0 0 1400 4652; x_wconf 95' lang='lat' dir='ltr'><strong> </strong></span> 
     </span>
    </p>
   </div>
  </div>
 </body>
</html>
