2700 4660
74 463 134 513 tn.
147 463 193 512 rr.
210 465 256 511 or
271 459 405 514 nonnis
417 452 612 524 cernone,
628 443 697 507 etc.
712 454 823 507 amsa.
840 451 941 507 nrm.
973 453 1042 534 207

54 595 90 651 ut
106 577 150 650 ad
176 601 257 650 eam
289 599 402 673 quam
430 573 493 646 hic
520 572 761 671 spectandam
790 575 1038 671 suscepimus,

54 695 166 766 morbi
182 695 343 795 speciem
361 689 565 763 referamus
589 713 704 788 supra
724 702 949 763 memoratas
967 695 1040 762 Ga-

54 812 163 883 brielii
184 827 220 882 et
244 809 444 882 Courtialis
463 807 764 896 observationes,
786 808 866 903 ejus
891 832 972 905 qnae
994 833 1039 881 ex
1083 863 1085 870 .

55 929 207 1000 Valsalva
219 927 415 1026 proposita
428 939 498 1014 est,
514 925 555 994 in
572 948 618 994 eo
635 948 798 1024 quoque!
809 926 1038 1010 consimiles,

55 1045 146 1144 quod
165 1043 437 1116 emollitionem
458 1043 597 1113 ossium
614 1040 766 1114 dolores
780 1057 862 1113 toto
879 1065 1041 1141 corpore

56 1176 334 1249 antecesserant,
361 1161 498 1230 mirum
525 1173 626 1231 certe
659 1174 732 1248 est,
765 1174 852 1256 post
878 1174 1038 1248 tantam,

55 1279 133 1352 dum
149 1295 225 1352 tres
243 1277 315 1350 illae
327 1277 503 1350 mulieres
519 1279 707 1366 viverent,
728 1276 855 1348 morbi
876 1278 1043 1350 similitu·

55 1395 189 1496 dinem,
208 1409 351 1466 tantam
368 1395 408 1465 in
428 1407 665 1464 mortuarum
690 1392 837 1465 ossibus
858 1392 1041 1466 dissimili·

57 1514 210 1585 tudinem
234 1536 316 1584 esse
335 1527 541 1609 repertam,
568 1525 611 1582 ut
637 1535 722 1582 cum
738 1513 777 1581 in
794 1510 941 1584 duabus
961 1537 1045 1600 car-1

57 1654 130 1701 nem
143 1627 351 1716 referrent,
368 1629 408 1699 in
429 1653 504 1699 una
522 1629 723 1726 spongiosa
742 1627 917 1726 quidem,
933 1644 971 1700 et
988 1655 1044 1701 ca·
1154 1677 1158 1681 κ

56 1734 594 1836 riosafacta‚sed10ssatameri
618 1761 897 1843 permanerent.
922 1747 1042 1818 Multo

56 1879 165 1935 autern
180 1864 306 1960 major
321 1861 585 1935 dissimilitudo
602 1862 689 1954 (nisi
701 1861 798 1934 forte
811 1862 921 1952 banc,
935 1863 1042 1936 alias-

57 2005 118 2078 que
132 1982 209 2078 ejus
220 1981 362 2054 similes
381 1981 488 2052 malis
500 1979 547 2052 ab
567 1981 680 2050 nimis
692 2004 892 2079 progresso
908 1957 1045 2054 morbo

57 2099 228 2195 repetere)
248 2100 290 2170 in
304 2097 478 2195 exemplo
496 2095 561 2168 illo
581 2098 747 2169 occurrit
767 2098 906 2194 quoda
930 2105 1045 2172 Boer-

55 2210 173 2287 haavio
189 2215 248 2313 (ι)
275 2228 611 2286 commemoratum
637 2229 700 2286 est.
719 2214 822 2286 'Nam
842 2218 908 2312 qni
927 2219 1044 2288 emol-

58 2327 119 2403 litis
145 2332 317 2420 ossibus,
351 2355 422 2402 nec
452 2333 531 2403 sine
564 2327 811 2404 acerbissimis
832 2327 1048 2424 doloribus,

57 2448 202 2539 vixerat,
228 2461 406 2520 mortuus
437 2472 519 2520 ossa
549 2447 682 2520 habuit
699 2447 807 2546 palti
832 2449 1045 2540 simillima,

57 2566 167 2661 qualis
178 2593 225 2640 ex
243 2566 392 2640 ossibus
404 2580 569 2665 paratur
582 2571 619 2634 in
630 2571 848 2663 Papiniano
858 2569 1043 2640 machina.

57 2685 248 2773 Quacum
288 2687 339 2755 ita
363 2686 455 2772 sint,
484 2682 603 2780 probe
635 2683 829 2780 intelligis,
861 2686 1047 2782 siquando

59 2799 276 2895 ejuscemodi
293 2801 419 2873 morbi
434 2814 646 2888 recurrant,
668 2815 819 2872 cautum
835 2825 914 2874 esse
931 2802 1047 2874 medi·

60 2937 134 2988 cnm
160 2935 337 3018 oportere
362 2921 402 2988 in
429 2916 666 3016 praedicenda
699 2917 838 2988 ossium
870 2921 1048 2992 constitu·

59 3033 168 3125 tione,
197 3050 393 3134 cumpost
418 3035 520 3122 illos,
548 3035 589 3105 in
617 3048 782 3132 quatuor
807 3034 1050 3112 cadaveribus

61 3151 200 3248 triplex,
220 3153 316 3226 adeo
329 3133 429 3224 inter
446 3176 488 3223 so
500 3151 733 3249 discrepans,
752 3153 971 3226 constitutio
989 3154 1050 3230 de·

61 3268 236 3363 prehensa
254 3271 311 3344 sit.

104 3411 134 3480 7.
154 3389 209 3458 De
224 3385 284 3458 his
292 3399 417 3458 autem
432 3383 570 3473 tribus,
588 3385 656 3457 ista
674 3409 790 3482 quaea
807 3387 976 3459 Valsalva
992 3415 1051 3461 re·

63 3516 156 3600 perta
176 3519 250 3592 est,
275 3529 323 3574 ne
348 3501 395 3572 ad
422 3501 524 3572 illam
553 3501 707 3605 quidem
743 3505 1051 3578 constitutionem

64 3615 184 3690 referri
204 3633 342 3718 potest,
360 3643 475 3718 quarn
502 3618 712 3706 interdum,
729 3624 934 3718 praesertim
962 3648 1051 3695 vero

757 3837 1050 3856 m

102 3987 144 4067 (1)
162 3995 293 4061 Praeleet.
310 3993 349 4053 ad
365 3994 461 4054 lmtit.
476 3995 492 4063 ς
506 4000 573 4066 lor.
