2858 4658
325 406 373 502 76
498 433 543 480 na
569 431 714 480 sameas
739 431 784 478 ar
808 429 932 478 causis
958 429 1170 478 norinorum

323 539 487 616 fractura
517 544 731 616 admonitus
758 559 838 631 est,
875 545 1096 642 primusque
1131 542 1350 630 omnium,
1412 551 1413 606 ξ

323 661 429 757 quod
456 663 636 749 sciamus,
669 659 851 732 fallaciam
878 660 977 732 hanc
1004 676 1147 758 quanto
1182 660 1348 757 gravio·
1412 695 1413 698 ¹

322 803 419 866 rem,
435 793 538 848 tanto
558 777 608 848 ob
622 779 816 876 signorum
832 780 1159 865 communitatem,
1176 793 1213 848 et
1231 777 1346 848 simi·
1379 827 1390 858 χ
1412 767 1413 772 “

322 895 538 983 litudinem,
556 893 760 968 faciliorem
782 898 821 967 in
839 895 982 968 femore
1003 895 1156 993 quidem
1176 893 1341 966 detexit.

323 1015 417 1080 Nam
449 1014 680 1109 generatim,
706 1013 832 1085 sedin
857 1015 985 1112 pueris
1010 1013 1211 1099 duntaxat,
1231 1012 1345 1082 indi-

324 1144 471 1200 caverat
497 1130 706 1203 Columbus
730 1131 864 1204 noster
881 1132 950 1230 (ι),
977 1157 1063 1203 cum
1082 1146 1342 1230 posteaquam

323 1244 525 1335 docuerat,
539 1254 573 1318 si
586 1248 689 1320 lzaedt
696 1304 706 1334 ‚
718 1255 903 1346 autagni,
915 1249 980 1320 vel
989 1249 1142 1320 alterius
1154 1247 1344 1318 animalis

322 1389 443 1462 nuper
466 1372 549 1435 nati
566 1366 728 1438 ossicula
747 1366 1022 1452 decemremem
1055 1372 1093 1436 in
1112 1390 1242 1436 eorum
1264 1391 1342 1437 eac·

323 1485 566 1554 tremv'tatv'bus
576 1499 707 1580 partes
726 1483 911 1579 quasdam
921 1537 932 1570 ,
952 1484 993 1553 id
1014 1499 1069 1556 est
1083 1481 1339 1580 appendices,

323 1599 399 1670 aive
426 1599 643 1698 epiphyses,
675 1598 802 1673 divelli
826 1625 873 1670 oc
889 1600 1101 1690 concidere,
1122 1595 1201 1672 esse
1227 1623 1340 1668 cons·

314 1731 511 1814 pecturm,
530 1734 631 1806 tum,
657 1719 831 1816 plurimis
853 1719 1081 1814 interjectis,
1110 1716 1339 1801 admonuit,

258 1855 260 1858 ·
325 1833 355 1904 si
368 1832 504 1904 tenello
513 1859 718 1932 puerorum
733 1859 819 1906 ossa
833 1833 999 1906 validius
1019 1839 1180 1931 imperiti
1193 1831 1338 1904 medici
1412 1923 1413 1930 ἵ

319 1955 435 2022 manu
442 1953 593 2042 fuerint
608 1967 829 2040 attrectata,
848 1952 1051 2047 ligamenta
1066 1975 1109 2021 eo
1127 1975 1243 2045 usque
1260 1975 1334 2020 ex-

321 2067 425 2138 tendi
432 2090 442 2155 3
465 2083 508 2139 ut
532 2093 654 2139 secum
685 2093 762 2138 una
789 2067 1015 2165 appendices
1039 2065 1228 2139 divellant.
1266 2067 1334 2136 Di·
1412 2107 1413 2116 κ

319 2185 531 2256 vulsionem
559 2200 704 2270 autem,
750 2200 786 2256 et
814 2182 1036 2271 fracturam,
1067 2197 1254 2280 quantum
1282 2181 1335 2253 ad

319 2301 530 2372 institutum
568 2324 782 2372 sermonem
801 2301 969 2389 attinet,
1013 2300 1147 2372 eodem
1180 2299 1332 2390 redire,

320 2433 358 2488 et
374 2433 575 2515 propterea
597 2443 618 2490 a
643 2443 702 2490 me
725 2419 939 2516 promiscue
963 2418 1082 2514 accipi
1114 2417 1176 2488 hic
1197 2439 1332 2514 posse,

321 2533 428 2608 facile
452 2535 655 2634 intelliges,
675 2535 741 2608 ubi
767 2534 1091 2622 animadverteris,
1116 2534 1191 2605 sive
1213 2549 1333 2631 caput

318 2652 504 2727 femorisa
520 2655 664 2726 cervice
682 2654 877 2756 avellatur,
896 2655 972 2726 sive
984 2654 1109 2724 cervix
1124 2677 1146 2722 a
1160 2649 1325 2741 femore,

317 2773 356 2842 in
368 2771 504 2846 adultis
514 2772 643 2868 utique
655 2797 733 2842 non
750 2795 857 2870 posse
871 2771 948 2841 haec
963 2771 1042 2842 sine
1058 2768 1219 2842 fractura
1232 2796 1324 2841 con·

317 2891 479 2985 tingere,
503 2888 606 2959 haud
630 2913 737 2962 secus
755 2915 797 2962 ac
820 2890 852 2959 si
875 2889 999 2959 cervix
1024 2888 1104 2986 ipsa
1130 2889 1170 2958 in
1196 2887 1327 2960 medio

316 3005 520 3103 frangatur.
537 3005 608 3077 Sed
625 3031 750 3102 neque
765 3007 804 3076 in
823 3006 967 3102 pueris,
995 3007 1026 3076 si
1048 3007 1104 3076 rei
1122 3003 1327 3096 effectum,

216 3163 225 3182 κ
317 3138 353 3196 et
385 3124 491 3220 signa
509 3123 695 3210 attendas,
714 3125 841 3220 magni
863 3123 958 3194 adeo
980 3121 1120 3194 referre
1149 3122 1325 3228 putabiS,
1370 3114 1373 3120 ’

317 3241 348 3312 si
365 3239 599 3312 avulsionem
631 3236 830 3312 afractura
848 3263 927 3310 non
950 3264 1097 3338 separes
1107 3239 1207 3336 anisi
1229 3237 1328 3313 forte

318 3359 472 3455 signum
506 3357 599 3428 illud
623 3359 774 3455 quoda
806 3381 900 3430 sono
934 3359 1080 3456 capitur
1106 3357 1326 3430 collisorum

318 3477 418 3568 inter
437 3500 475 3546 se
499 3476 638 3548 ossium
663 3477 702 3546 in
723 3476 793 3548 hac
809 3476 1003 3572 magis,in
1026 3475 1089 3548 illa
1107 3477 1234 3546 minus
1255 3473 1325 3546 ha-

315 3591 406 3666 bere
424 3593 553 3666 locum
576 3597 788 3668 existimes:
808 3617 1027 3690 quanquam
1043 3593 1086 3664 >in
1097 3595 1224 3692 pueris
1243 3590 1323 3666 lere

352 3969 398 4050 (ι)
418 3971 508 4029 Dere
526 3970 774 4042 anat.l.1,c.a.
869 3983 871 3986 ·
