2732 4654
260 359 332 440 308
426 389 473 438 nr
499 385 645 439 anninus
670 389 714 437 rr
740 387 863 440 crusrs
885 373 1099 441 nonaonurr

257 517 360 592 rant,
374 502 571 576 infecisset.
594 508 736 576 Verum
757 529 870 602 quam
887 501 993 578 facile
1012 524 1091 578 erat
1106 506 1186 578 hoc
1204 519 1263 602 ge·

258 623 417 692 neratim
431 622 639 716 conjicere,
652 634 727 690 tam
741 636 820 693 erat
831 619 983 693 difficile
999 624 1074 695 sive
1086 648 1132 692 ex
1145 643 1263 719 aegro⁴

257 739 417 808 tantium
429 761 507 834 sym
511 735 741 833 ptumatibus
754 790 764 823 ,
775 737 850 807 sive
862 763 906 808 ex
915 751 1103 826 accurata,
1116 753 1154 808 et
1168 756 1263 833 saepe

256 855 414 951 repetita
424 853 696 950 perquisitione
705 851 887 948 quidnam
901 853 995 926 illud
1008 852 1140 926 luisset
1151 909 1161 942 ,
1171 875 1264 924 asse·

256 972 334 1068 qui.
344 974 599 1067 symptomata
607 970 708 1040 enim
716 993 787 1066 pro
801 969 872 1042 alia
884 972 1044 1042 aliorum
1055 987 1162 1042 aetate
1174 1025 1185 1058 ,
1196 967 1265 1040 dis·

257 1089 462 1186 positione,
476 1103 512 1158 et
520 1101 773 1184 temperatura
782 1089 851 1160 alia
863 1089 991 1160 inaliis
1001 1105 1127 1177 erant3
1142 1113 1266 1186 quan·

257 1229 372 1302 quam
389 1205 428 1273 in
446 1203 634 1301 pluribus,
653 1207 752 1278 inter
766 1221 915 1292 caetera,
936 1205 1259 1278 alvilluxuserant

260 1337 296 1394 et
315 1323 497 1412 tormina,
515 1323 554 1392 in
576 1322 722 1419 aliqu0,
747 1325 827 1394 sine
854 1323 1101 1410 torminibus,
1126 1319 1264 1394 sinceri

257 1441 448 1537 sanguinis
461 1439 701 1535 dejectiones.
716 1439 966 1538 Perquirendi
983 1455 1108 1512 autem
1127 1461 1261 1511 verum

256 1574 299 1630 ut
316 1559 496 1655 optimam
523 1559 759 1629 occasionem
784 1557 981 1646 haberem,
1007 1583 1053 1628 eo
1082 1556 1261 1628 libentius

256 1692 391 1774 praeter
420 1697 505 1746 eum
545 1676 610 1772 qui
645 1675 846 1773 prandium
880 1674 1058 1762 dederat,
1088 1674 1259 1746 ancillam

258 1795 369 1865 etiam
387 1818 470 1891 quae
488 1808 657 1880 coxerat,
674 1809 711 1864 et
725 1793 903 1889 reliquias
921 1791 1153 1880 comederat,
1172 1789 1260 1862 libe·

255 1911 383 1984 raliter
395 1910 600 1982 curandam
612 1911 759 2006 suscepi
770 1935 779 1998 ;
790 1915 948 2006 uterque
959 1913 1067 1981 enim
1081 1911 1257 2006 graviter,

258 2028 394 2100 ancilla
413 2045 537 2102 autem
562 2028 777 2123 gravissime
796 2026 1009 2126 aegrotabat.
1035 2028 1130 2098 Huic
1150 2029 1261 2124 igitur

258 2171 338 2220 non
370 2146 484 2220 semel
514 2143 737 2232 ostendens,
766 2159 909 2241 quanto
943 2146 1069 2216 minus
1100 2141 1259 2216 difficilis

258 2265 402 2336 curatio
416 2287 496 2336 esse
513 2277 655 2365 posset,
676 2263 706 2334 si
722 2262 817 2333 milri
841 2263 908 2334 uni
925 2261 1067 2334 diceret
1082 2250 1177 2359 quid
1197 2284 1258 2358 per

259 2405 427 2452 errorem
465 2380 690 2467 admisisset,
725 2395 789 2451 aut
821 2379 868 2451 ab
902 2377 1030 2476 aliquo
1056 2379 1256 2452 admissum

259 2522 339 2570 esse
362 2499 585 2594 conjiceret3
606 2521 804 2594 nunquam
827 2498 1037 2594 exprimere
1062 2497 1164 2572 aliud
1194 2522 1257 2596 po-

257 2616 329 2705 tui,
344 2617 416 2687 nisi
433 2615 507 2686 hoc
523 2639 664 2704 unum,
684 2639 762 2710 quo
779 2603 960 2712 cogitaret
975 2613 1110 2714 magiS,
1130 2640 1176 2687 eo
1189 2640 1258 2686 mae

259 2733 315 2830 gis
332 2731 371 2802 id
389 2754 427 2804 se
444 2733 628 2830 ignorare.
658 2736 749 2822 Quae
777 2755 865 2803 cum
889 2735 939 2804 ita
959 2747 1106 2820 essent,
1132 2755 1258 2806 neces·

258 2851 356 2922 sario
372 2865 524 2924 coactus
544 2873 626 2922 sum
640 2850 847 2946 unicuique
866 2851 919 2920 sic
942 2847 1109 2936 mederi,
1130 2867 1173 2922 ut
1189 2851 1257 2924 sin·

258 2966 365 3064 gulos
383 2967 482 3052 haec,
499 2967 557 3038 vel
572 2957 641 3042 illa·
658 2981 915 3066 symptomata·
936 2969 1101 3065 gramm,
1126 2983 1192 3040 aut
1209 2967 1256 3037 lc·

256 3085 338 3162 tius
352 3085 546 3182 urgebant.
566 3085 728 3174 Quidam
746 3085 869 3174 brevi,
889 3101 926 3157 et
946 3073 1064 3172 facili,
1090 3085 1158 3158 sed
1177 3086 1258 3158 reli·

258 3203 325 3300 qui
347 3202 477 3299 longa,
497 3217 534 3272 et
560 3199 707 3272 difficili
726 3205 920 3276 curatione
942 3197 1076 3274 'servati
1099 3217 1258 3291 sunt,ut

257 3320 298 3392 in
316 3317 542 3417 quibusdam
556 3317 744 3392 bimestris
761 3319 889 3410 fuerit,
909 3321 948 3391 in
971 3323 1098 3418 coqui
1118 3323 1260 3419 sangui·

258 3435 567 3530 nenndejecerat,
589 3436 883 3532 quadrimestris.
894 3443 1001 3509 Unus
1021 3463 1067 3508 ex
1083 3439 1258 3510 omnibus

261 3554 329 3652 qui
339 3551 515 3625 morbum
524 3553 664 3628 diutius
678 3569 968 3652 contempserat,
979 3554 1259 3653 undevigesima

262 3695 307 3742 ex
326 3695 403 3767 quo
422 3661 560 3740 cubare
580 3671 732 3740 tandem
757 3687 938 3770 coeperat,
955 3671 1015 3764 die
1035 3669 1156 3762 febri,
1177 3697 1256 3744 curn

258 3777 435 3885 singultu
456 3785 682 3858 convulsivis
715 3788 965 3878 tremoribuS,
997 3789 1156 3886 aliisque
1191 3815 1257 3860 ma·
1344 3857 1345 3886 ,

256 3905 366 4002 lignis
382 3903 699 4002 symptomatibus
715 3905 864 4003 juncta,
891 3903 1027 3978 frustra
1049 3929 1128 3995 me,
1146 3919 1182 3978 c't
1204 3929 1253 3978 se·
1344 3887 1345 3934 ³
