<?xml version="1.0" encoding="UTF-8"?>
<!DOCTYPE html PUBLIC "-//W3C//DTD XHTML 1.0 Transitional//EN"
    "http://www.w3.org/TR/xhtml1/DTD/xhtml1-transitional.dtd">
<html xmlns="http://www.w3.org/1999/xhtml" xml:lang="en" lang="en">
 <head>
  <title>
</title>
<meta http-equiv="Content-Type" content="text/html;charset=utf-8" />
  <meta name='ocr-system' content='tesseract 3.04.00' />
  <meta name='ocr-capabilities' content='ocr_page ocr_carea ocr_par ocr_line ocrx_word'/>
</head>
<body>
  <div class='ocr_page' id='page_1' title='image "./desedibusetcaus02adelgoog_0140.png"; bbox 0 0 2746 4662; ppageno 0'>
   <div class='ocr_carea' id='block_1_1' title="bbox 116 393 1076 548">
    <p class='ocr_par' dir='ltr' id='par_1_1' title="bbox 116 393 1076 548">
     <span class='ocr_line' id='line_1_1' title="bbox 680 393 1015 430; baseline 0.006 -2"><span class='ocrx_word' id='word_1_1' title='bbox 680 393 695 428; x_wconf 59' lang='grc' dir='ltr'>ἱ</span> <span class='ocrx_word' id='word_1_2' title='bbox 1012 425 1015 430; x_wconf 92' lang='grc'><strong>.</strong></span> 
     </span>
     <span class='ocr_line' id='line_1_2' title="bbox 116 461 1076 548; baseline 0.001 -15"><span class='ocrx_word' id='word_1_3' title='bbox 116 483 182 534; x_wconf 81' lang='lat' dir='ltr'><strong>ua.</strong></span> <span class='ocrx_word' id='word_1_4' title='bbox 196 483 246 532; x_wconf 62' lang='lat' dir='ltr'><strong>tv⁶</strong></span> <span class='ocrx_word' id='word_1_5' title='bbox 262 483 309 532; x_wconf 78' lang='lat' dir='ltr'><strong>na</strong></span> <span class='ocrx_word' id='word_1_6' title='bbox 324 483 461 533; x_wconf 80' lang='lat' dir='ltr'><strong>uoaars</strong></span> <span class='ocrx_word' id='word_1_7' title='bbox 472 483 650 533; x_wconf 78' lang='lat' dir='ltr'><strong>caraune.</strong></span> <span class='ocrx_word' id='word_1_8' title='bbox 663 514 673 548; x_wconf 94' lang='lat'><strong>,</strong></span> <span class='ocrx_word' id='word_1_9' title='bbox 688 474 757 533; x_wconf 84' lang='lat' dir='ltr'><strong>etc.</strong></span> <span class='ocrx_word' id='word_1_10' title='bbox 773 483 885 534; x_wconf 82' lang='lat' dir='ltr'><strong>nrrsr.</strong></span> <span class='ocrx_word' id='word_1_11' title='bbox 900 487 972 532; x_wconf 81' lang='lat' dir='ltr'><strong>nvi.</strong></span> <span class='ocrx_word' id='word_1_12' title='bbox 1005 461 1076 534; x_wconf 66' lang='lat'>133=</span> 
     </span>
    </p>
   </div>
   <div class='ocr_carea' id='block_1_2' title="bbox 71 595 1141 3632">
    <p class='ocr_par' dir='ltr' id='par_1_2' title="bbox 71 595 1141 1868">
     <span class='ocr_line' id='line_1_3' title="bbox 72 595 1076 697; baseline 0.002 -29"><span class='ocrx_word' id='word_1_13' title='bbox 72 599 108 668; x_wconf 91' lang='lat' dir='ltr'><strong>in</strong></span> <span class='ocrx_word' id='word_1_14' title='bbox 123 597 326 670; x_wconf 90' lang='lat' dir='ltr'><strong>recidivam</strong></span> <span class='ocrx_word' id='word_1_15' title='bbox 336 595 513 668; x_wconf 82' lang='lat' dir='ltr'><em>incidant.</em></span> <span class='ocrx_word' id='word_1_16' title='bbox 527 601 711 670; x_wconf 83' lang='lat' dir='ltr'><strong>Caeterum</strong></span> <span class='ocrx_word' id='word_1_17' title='bbox 727 598 757 670; x_wconf 92' lang='lat' dir='ltr'><strong>si</strong></span> <span class='ocrx_word' id='word_1_18' title='bbox 776 598 884 696; x_wconf 84' lang='lat' dir='ltr'><strong>plura</strong></span> <span class='ocrx_word' id='word_1_19' title='bbox 905 600 1076 697; x_wconf 84' lang='lat' dir='ltr'><strong>exempla</strong></span> 
     </span>
     <span class='ocr_line' id='line_1_4' title="bbox 73 714 1077 812; baseline 0 -25"><span class='ocrx_word' id='word_1_20' title='bbox 73 715 173 812; x_wconf 88' lang='lat' dir='ltr'><strong>cupis</strong></span> <span class='ocrx_word' id='word_1_21' title='bbox 190 714 396 786; x_wconf 70' lang='lat' dir='ltr'><strong>observatae</strong></span> <span class='ocrx_word' id='word_1_22' title='bbox 414 714 596 786; x_wconf 86' lang='lat' dir='ltr'><strong>callorum</strong></span> <span class='ocrx_word' id='word_1_23' title='bbox 612 730 823 805; x_wconf 85' lang='lat' dir='ltr'><strong>structurae,</strong></span> <span class='ocrx_word' id='word_1_24' title='bbox 851 731 888 786; x_wconf 90' lang='lat' dir='ltr'><strong>et</strong></span> <span class='ocrx_word' id='word_1_25' title='bbox 902 717 1004 786; x_wconf 87' lang='lat' dir='ltr'><strong>mirae</strong></span> <span class='ocrx_word' id='word_1_26' title='bbox 1017 718 1077 788; x_wconf 80' lang='lat' dir='ltr'><strong>in·-</strong></span> 
     </span>
     <span class='ocr_line' id='line_1_5' title="bbox 72 823 1092 932; baseline 0.004 -30"><span class='ocrx_word' id='word_1_27' title='bbox 72 831 216 902; x_wconf 89' lang='lat' dir='ltr'><strong>terdum</strong></span> <span class='ocrx_word' id='word_1_28' title='bbox 236 831 485 929; x_wconf 85' lang='lat' dir='ltr'><strong>longitudinis</strong></span> <span class='ocrx_word' id='word_1_29' title='bbox 499 859 511 918; x_wconf 90' lang='lat'><strong>,·</strong></span> <span class='ocrx_word' id='word_1_30' title='bbox 526 833 608 922; x_wconf 83' lang='lat' dir='ltr'><strong>vix,</strong></span> <span class='ocrx_word' id='word_1_31' title='bbox 619 823 734 904; x_wconf 88' lang='lat' dir='ltr'><strong>credo</strong></span> <span class='ocrx_word' id='word_1_32' title='bbox 745 888 756 922; x_wconf 93' lang='lat'><strong>,</strong></span> <span class='ocrx_word' id='word_1_33' title='bbox 766 833 1074 932; x_wconf 11' lang='lat' dir='ltr'><strong>‘rnajorinumero</strong></span> <span class='ocrx_word' id='word_1_34' title='bbox 1089 849 1092 856; x_wconf 91' lang='lat'>&#39;</span> 
     </span>
     <span class='ocr_line' id='line_1_6' title="bbox 72 947 1074 1048; baseline 0.007 -30"><span class='ocrx_word' id='word_1_35' title='bbox 72 947 466 1046; x_wconf 87' lang='lat' dir='ltr'><strong>apudaliosinvenies,</strong></span> <span class='ocrx_word' id='word_1_36' title='bbox 489 973 603 1046; x_wconf 90' lang='lat' dir='ltr'><strong>quam</strong></span> <span class='ocrx_word' id='word_1_37' title='bbox 614 949 715 1048; x_wconf 78' lang='lat' dir='ltr'><strong>apud</strong></span> <span class='ocrx_word' id='word_1_38' title='bbox 726 949 894 1022; x_wconf 78' lang='lat' dir='ltr'><strong>erudio</strong></span> <span class='ocrx_word' id='word_1_39' title='bbox 907 952 1074 1047; x_wconf 81' lang='lat' dir='ltr'><strong>Beuj&#39;am.</strong></span> 
     </span>
     <span class='ocr_line' id='line_1_7' title="bbox 71 1065 1078 1168; baseline 0.006 -33"><span class='ocrx_word' id='word_1_40' title='bbox 71 1065 319 1138; x_wconf 90' lang='lat' dir='ltr'><strong>Boehmerum</strong></span> <span class='ocrx_word' id='word_1_41' title='bbox 338 1065 404 1163; x_wconf 79' lang='grc' dir='ltr'><strong>(ι).</strong></span> <span class='ocrx_word' id='word_1_42' title='bbox 424 1069 547 1157; x_wconf 89' lang='lat' dir='ltr'><strong>Quem</strong></span> <span class='ocrx_word' id='word_1_43' title='bbox 564 1091 787 1154; x_wconf 84' lang='lat' dir='ltr'><strong>numerum,</strong></span> <span class='ocrx_word' id='word_1_44' title='bbox 806 1076 924 1166; x_wconf 79' lang='lat' dir='ltr'><strong>puto,</strong></span> <span class='ocrx_word' id='word_1_45' title='bbox 938 1092 1078 1168; x_wconf 86' lang='lat' dir='ltr'><strong>augere</strong></span> 
     </span>
     <span class='ocr_line' id='line_1_8' title="bbox 72 1171 1078 1282; baseline 0.008 -28"><span class='ocrx_word' id='word_1_46' title='bbox 72 1185 224 1281; x_wconf 88' lang='lat' dir='ltr'><strong>poteris,</strong></span> <span class='ocrx_word' id='word_1_47' title='bbox 239 1171 344 1282; x_wconf 88' lang='lat' dir='ltr'><strong>quod</strong></span> <span class='ocrx_word' id='word_1_48' title='bbox 356 1185 404 1256; x_wconf 88' lang='lat' dir='ltr'><strong>ad</strong></span> <span class='ocrx_word' id='word_1_49' title='bbox 416 1187 642 1257; x_wconf 77' lang='lat' dir='ltr'><strong>structuram</strong></span> <span class='ocrx_word' id='word_1_50' title='bbox 653 1187 798 1274; x_wconf 85' lang='lat' dir='ltr'><strong>attinet,</strong></span> <span class='ocrx_word' id='word_1_51' title='bbox 813 1185 1078 1262; x_wconf 79' lang='lat' dir='ltr'><strong>observatione</strong></span> 
     </span>
     <span class='ocr_line' id='line_1_9' title="bbox 73 1301 1073 1402; baseline 0.007 -30"><span class='ocrx_word' id='word_1_52' title='bbox 73 1301 112 1372; x_wconf 90' lang='lat' dir='ltr'><strong>cl.</strong></span> <span class='ocrx_word' id='word_1_53' title='bbox 124 1303 193 1374; x_wconf 91' lang='lat' dir='ltr'><strong>viri</strong></span> <span class='ocrx_word' id='word_1_54' title='bbox 208 1302 413 1374; x_wconf 83' lang='lat' dir='ltr'><strong>Alexandri</strong></span> <span class='ocrx_word' id='word_1_55' title='bbox 429 1305 633 1402; x_wconf 86' lang='lat' dir='ltr'><strong>Camerarii</strong></span> <span class='ocrx_word' id='word_1_56' title='bbox 649 1303 709 1400; x_wconf 75' lang='lat' dir='ltr'><strong>(a)</strong></span> <span class='ocrx_word' id='word_1_57' title='bbox 721 1305 763 1374; x_wconf 84' lang='lat' dir='ltr'><strong>in</strong></span> <span class='ocrx_word' id='word_1_58' title='bbox 784 1306 893 1401; x_wconf 84' lang='lat' dir='ltr'><strong>pueri</strong></span> <span class='ocrx_word' id='word_1_59' title='bbox 908 1302 1073 1394; x_wconf 84' lang='lat' dir='ltr'><strong>feinore;</strong></span> 
     </span>
     <span class='ocr_line' id='line_1_10' title="bbox 73 1415 1078 1520; baseline 0.006 -32"><span class='ocrx_word' id='word_1_60' title='bbox 73 1417 167 1515; x_wconf 91' lang='lat' dir='ltr'><strong>quod</strong></span> <span class='ocrx_word' id='word_1_61' title='bbox 179 1443 274 1491; x_wconf 82' lang='lat' dir='ltr'><strong>vero</strong></span> <span class='ocrx_word' id='word_1_62' title='bbox 292 1419 340 1490; x_wconf 88' lang='lat' dir='ltr'><strong>ad</strong></span> <span class='ocrx_word' id='word_1_63' title='bbox 361 1417 659 1520; x_wconf 82' lang='lat' dir='ltr'><strong>longitudinem,</strong></span> <span class='ocrx_word' id='word_1_64' title='bbox 684 1419 856 1517; x_wconf 84' lang='lat' dir='ltr'><strong>exemplo</strong></span> <span class='ocrx_word' id='word_1_65' title='bbox 876 1415 1078 1518; x_wconf 84' lang='lat' dir='ltr'><strong>proposito</strong></span> 
     </span>
     <span class='ocr_line' id='line_1_11' title="bbox 72 1527 1141 1634; baseline 0.007 -29"><span class='ocrx_word' id='word_1_66' title='bbox 72 1533 113 1606; x_wconf 88' lang='lat' dir='ltr'><strong>ab</strong></span> <span class='ocrx_word' id='word_1_67' title='bbox 125 1539 178 1607; x_wconf 88' lang='lat' dir='ltr'><strong>Jo.</strong></span> <span class='ocrx_word' id='word_1_68' title='bbox 196 1535 341 1608; x_wconf 81' lang='lat' dir='ltr'><strong>Jacobo</strong></span> <span class='ocrx_word' id='word_1_69' title='bbox 357 1537 488 1632; x_wconf 85' lang='lat' dir='ltr'><strong>Bajero</strong></span> <span class='ocrx_word' id='word_1_70' title='bbox 506 1535 560 1634; x_wconf 84' lang='lat'><strong>(3)</strong></span> <span class='ocrx_word' id='word_1_71' title='bbox 580 1539 619 1607; x_wconf 87' lang='lat' dir='ltr'><strong>in</strong></span> <span class='ocrx_word' id='word_1_72' title='bbox 641 1537 826 1611; x_wconf 91' lang='lat' dir='ltr'><strong>molitoris</strong></span> <span class='ocrx_word' id='word_1_73' title='bbox 850 1539 998 1610; x_wconf 78' lang='lat' dir='ltr'><strong>maxilla</strong></span> <span class='ocrx_word' id='word_1_74' title='bbox 1017 1541 1074 1612; x_wconf 90' lang='lat' dir='ltr'><strong>in·</strong></span> <span class='ocrx_word' id='word_1_75' title='bbox 1139 1527 1141 1536; x_wconf 16' lang='grc' dir='ltr'><em>Α</em></span> 
     </span>
     <span class='ocr_line' id='line_1_12' title="bbox 73 1648 1082 1754; baseline 0.004 -32"><span class='ocrx_word' id='word_1_76' title='bbox 73 1648 199 1724; x_wconf 82' lang='lat' dir='ltr'><strong>feriore</strong></span> <span class='ocrx_word' id='word_1_77' title='bbox 217 1679 247 1723; x_wconf 85' lang='lat' dir='ltr'><strong>a</strong></span> <span class='ocrx_word' id='word_1_78' title='bbox 264 1669 391 1754; x_wconf 85' lang='lat' dir='ltr'><strong>mento</strong></span> <span class='ocrx_word' id='word_1_79' title='bbox 408 1679 523 1750; x_wconf 80' lang='lat' dir='ltr'><strong>usque</strong></span> <span class='ocrx_word' id='word_1_80' title='bbox 543 1654 599 1725; x_wconf 87' lang='lat' dir='ltr'><strong>ad</strong></span> <span class='ocrx_word' id='word_1_81' title='bbox 613 1653 776 1727; x_wconf 80' lang='lat' dir='ltr'><strong>inedium</strong></span> <span class='ocrx_word' id='word_1_82' title='bbox 797 1659 908 1726; x_wconf 84' lang='lat' dir='ltr'><strong>trium</strong></span> <span class='ocrx_word' id='word_1_83' title='bbox 933 1661 1082 1728; x_wconf 80' lang='lat' dir='ltr'><strong>circiter</strong></span> 
     </span>
     <span class='ocr_line' id='line_1_13' title="bbox 74 1769 525 1868; baseline 0.007 -31"><span class='ocrx_word' id='word_1_84' title='bbox 74 1773 259 1863; x_wconf 78' lang='lat' dir='ltr'><strong>unciarum</strong></span> <span class='ocrx_word' id='word_1_85' title='bbox 267 1769 525 1868; x_wconf 83' lang='lat' dir='ltr'><strong>amplitudine.</strong></span> 
     </span>
    </p>

    <p class='ocr_par' dir='ltr' id='par_1_3' title="bbox 74 1885 1110 2451">
     <span class='ocr_line' id='line_1_14' title="bbox 118 1885 1079 1987; baseline 0.006 -29"><span class='ocrx_word' id='word_1_86' title='bbox 118 1885 170 1958; x_wconf 79' lang='lat'><strong>30.</strong></span> <span class='ocrx_word' id='word_1_87' title='bbox 191 1891 306 1960; x_wconf 90' lang='lat' dir='ltr'><strong>Nunc</strong></span> <span class='ocrx_word' id='word_1_88' title='bbox 317 1902 359 1959; x_wconf 93' lang='lat' dir='ltr'><strong>ut</strong></span> <span class='ocrx_word' id='word_1_89' title='bbox 374 1887 421 1960; x_wconf 86' lang='lat' dir='ltr'><strong>ab</strong></span> <span class='ocrx_word' id='word_1_90' title='bbox 438 1889 483 1962; x_wconf 90' lang='lat' dir='ltr'><strong>iis</strong></span> <span class='ocrx_word' id='word_1_91' title='bbox 496 1913 579 1987; x_wconf 85' lang='lat' dir='ltr'><strong>quoe</strong></span> <span class='ocrx_word' id='word_1_92' title='bbox 598 1887 726 1961; x_wconf 83' lang='lat' dir='ltr'><strong>fractis</strong></span> <span class='ocrx_word' id='word_1_93' title='bbox 742 1888 889 1962; x_wconf 89' lang='lat' dir='ltr'><strong>ossibus</strong></span> <span class='ocrx_word' id='word_1_94' title='bbox 901 1917 979 1962; x_wconf 90' lang='lat' dir='ltr'><strong>non</strong></span> <span class='ocrx_word' id='word_1_95' title='bbox 995 1917 1079 1964; x_wconf 83' lang='lat' dir='ltr'><strong>cru·</strong></span> 
     </span>
     <span class='ocr_line' id='line_1_15' title="bbox 76 1980 1079 2106; baseline 0.014 -36"><span class='ocrx_word' id='word_1_96' title='bbox 76 2003 119 2074; x_wconf 89' lang='lat' dir='ltr'><strong>ris</strong></span> <span class='ocrx_word' id='word_1_97' title='bbox 133 2017 305 2096; x_wconf 84' lang='lat' dir='ltr'><strong>tantum,</strong></span> <span class='ocrx_word' id='word_1_98' title='bbox 336 2005 402 2100; x_wconf 77' lang='lat' dir='ltr'><strong>sed</strong></span> <span class='ocrx_word' id='word_1_99' title='bbox 421 1980 457 2078; x_wconf 71' lang='lat' dir='ltr'><strong>e‘t</strong></span> <span class='ocrx_word' id='word_1_100' title='bbox 478 2006 559 2078; x_wconf 89' lang='lat' dir='ltr'><strong>aliis</strong></span> <span class='ocrx_word' id='word_1_101' title='bbox 578 2006 771 2097; x_wconf 86' lang='lat' dir='ltr'><strong>accidunt,</strong></span> <span class='ocrx_word' id='word_1_102' title='bbox 796 2007 843 2078; x_wconf 89' lang='lat' dir='ltr'><strong>ad</strong></span> <span class='ocrx_word' id='word_1_103' title='bbox 862 2010 1079 2106; x_wconf 68' lang='lat' dir='ltr'><strong>&#39;peculiares</strong></span> 
     </span>
     <span class='ocr_line' id='line_1_16' title="bbox 77 2119 1075 2224; baseline 0.009 -34"><span class='ocrx_word' id='word_1_104' title='bbox 77 2145 198 2193; x_wconf 86' lang='lat' dir='ltr'><strong>eorum</strong></span> <span class='ocrx_word' id='word_1_105' title='bbox 210 2119 396 2196; x_wconf 83' lang='lat' dir='ltr'><strong>fracturas</strong></span> <span class='ocrx_word' id='word_1_106' title='bbox 412 2123 583 2195; x_wconf 86' lang='lat' dir='ltr'><strong>redeam:</strong></span> <span class='ocrx_word' id='word_1_107' title='bbox 600 2148 733 2212; x_wconf 89' lang='lat' dir='ltr'><strong>unam,</strong></span> <span class='ocrx_word' id='word_1_108' title='bbox 747 2125 811 2196; x_wconf 92' lang='lat' dir='ltr'><strong>sed</strong></span> <span class='ocrx_word' id='word_1_109' title='bbox 825 2150 952 2197; x_wconf 91' lang='lat' dir='ltr'><strong>rarum</strong></span> <span class='ocrx_word' id='word_1_110' title='bbox 968 2127 1075 2224; x_wconf 91' lang='lat' dir='ltr'><strong>quid-</strong></span> 
     </span>
     <span class='ocr_line' id='line_1_17' title="bbox 76 2239 1075 2340; baseline 0.01 -32"><span class='ocrx_word' id='word_1_111' title='bbox 76 2239 164 2334; x_wconf 85' lang='lat' dir='ltr'><strong>piam</strong></span> <span class='ocrx_word' id='word_1_112' title='bbox 179 2239 362 2340; x_wconf 84' lang='lat' dir='ltr'><strong>praeterea</strong></span> <span class='ocrx_word' id='word_1_113' title='bbox 377 2241 656 2330; x_wconf 78' lang='lat' dir='ltr'><strong>continentem,</strong></span> <span class='ocrx_word' id='word_1_114' title='bbox 674 2241 976 2314; x_wconf 89' lang='lat' dir='ltr'><strong>observationem</strong></span> <span class='ocrx_word' id='word_1_115' title='bbox 992 2244 1075 2318; x_wconf 63' lang='lat' dir='ltr'><strong>suli</strong></span> 
     </span>
     <span class='ocr_line' id='line_1_18' title="bbox 74 2346 1110 2451; baseline 0.012 -27"><span class='ocrx_word' id='word_1_116' title='bbox 74 2356 198 2451; x_wconf 82' lang='lat' dir='ltr'><strong>jiciam.</strong></span> <span class='ocrx_word' id='word_1_117' title='bbox 850 2441 856 2448; x_wconf 52' lang='grc'>,</span> <span class='ocrx_word' id='word_1_118' title='bbox 1109 2346 1110 2350; x_wconf 18' lang='lat'>¹</span> 
     </span>
    </p>

    <p class='ocr_par' dir='ltr' id='par_1_4' title="bbox 77 2473 1093 3632">
     <span class='ocr_line' id='line_1_19' title="bbox 124 2473 1078 2578; baseline 0.007 -33"><span class='ocrx_word' id='word_1_119' title='bbox 124 2473 178 2546; x_wconf 77' lang='lat'><strong>31.</strong></span> <span class='ocrx_word' id='word_1_120' title='bbox 191 2479 314 2548; x_wconf 85' lang='lat' dir='ltr'><strong>Senex</strong></span> <span class='ocrx_word' id='word_1_121' title='bbox 329 2475 492 2548; x_wconf 85' lang='lat' dir='ltr'><strong>rusticus</strong></span> <span class='ocrx_word' id='word_1_122' title='bbox 504 2475 697 2576; x_wconf 85' lang='lat' dir='ltr'><strong>pinguior,</strong></span> <span class='ocrx_word' id='word_1_123' title='bbox 725 2477 816 2548; x_wconf 92' lang='lat' dir='ltr'><strong>dum</strong></span> <span class='ocrx_word' id='word_1_124' title='bbox 830 2480 943 2551; x_wconf 87' lang='lat' dir='ltr'><strong>vitem</strong></span> <span class='ocrx_word' id='word_1_125' title='bbox 963 2496 1078 2578; x_wconf 76' lang='lat' dir='ltr'><strong>puta·</strong></span> 
     </span>
     <span class='ocr_line' id='line_1_20' title="bbox 77 2592 1076 2692; baseline 0.009 -33"><span class='ocrx_word' id='word_1_126' title='bbox 77 2605 143 2681; x_wconf 91' lang='lat' dir='ltr'><strong>ret,</strong></span> <span class='ocrx_word' id='word_1_127' title='bbox 163 2618 208 2666; x_wconf 88' lang='lat' dir='ltr'><strong>ex</strong></span> <span class='ocrx_word' id='word_1_128' title='bbox 222 2592 360 2665; x_wconf 89' lang='lat' dir='ltr'><strong>arbore</strong></span> <span class='ocrx_word' id='word_1_129' title='bbox 378 2594 419 2664; x_wconf 88' lang='lat' dir='ltr'><strong>in</strong></span> <span class='ocrx_word' id='word_1_130' title='bbox 436 2593 552 2692; x_wconf 92' lang='lat' dir='ltr'><strong>pedes</strong></span> <span class='ocrx_word' id='word_1_131' title='bbox 567 2594 774 2682; x_wconf 85' lang='lat' dir='ltr'><strong>ceciderat,</strong></span> <span class='ocrx_word' id='word_1_132' title='bbox 794 2609 830 2666; x_wconf 86' lang='lat' dir='ltr'><strong>et</strong></span> <span class='ocrx_word' id='word_1_133' title='bbox 846 2621 931 2666; x_wconf 90' lang='lat' dir='ltr'><strong>crus</strong></span> <span class='ocrx_word' id='word_1_134' title='bbox 944 2595 1076 2668; x_wconf 85' lang='lat' dir='ltr'><strong>dexte-</strong></span> 
     </span>
     <span class='ocr_line' id='line_1_21' title="bbox 79 2709 1074 2812; baseline 0.01 -36"><span class='ocrx_word' id='word_1_135' title='bbox 79 2731 151 2778; x_wconf 89' lang='lat' dir='ltr'><strong>rum</strong></span> <span class='ocrx_word' id='word_1_136' title='bbox 174 2713 227 2783; x_wconf 89' lang='lat' dir='ltr'><strong>ita</strong></span> <span class='ocrx_word' id='word_1_137' title='bbox 251 2709 430 2808; x_wconf 87' lang='lat' dir='ltr'><strong>fregerat,</strong></span> <span class='ocrx_word' id='word_1_138' title='bbox 446 2727 488 2784; x_wconf 93' lang='lat' dir='ltr'><strong>ut</strong></span> <span class='ocrx_word' id='word_1_139' title='bbox 507 2735 589 2783; x_wconf 85' lang='lat' dir='ltr'><strong>ossa</strong></span> <span class='ocrx_word' id='word_1_140' title='bbox 615 2735 684 2808; x_wconf 89' lang='lat' dir='ltr'><strong>per</strong></span> <span class='ocrx_word' id='word_1_141' title='bbox 707 2712 847 2783; x_wconf 87' lang='lat' dir='ltr'><strong>vulnus</strong></span> <span class='ocrx_word' id='word_1_142' title='bbox 866 2713 970 2810; x_wconf 92' lang='lat' dir='ltr'><strong>quod</strong></span> <span class='ocrx_word' id='word_1_143' title='bbox 993 2715 1074 2812; x_wconf 82' lang='lat' dir='ltr'><strong>ipsa</strong></span> 
     </span>
     <span class='ocr_line' id='line_1_22' title="bbox 80 2822 1073 2928; baseline 0.012 -35"><span class='ocrx_word' id='word_1_144' title='bbox 80 2822 257 2918; x_wconf 83' lang='lat' dir='ltr'><strong>fecerant,</strong></span> <span class='ocrx_word' id='word_1_145' title='bbox 275 2827 323 2900; x_wconf 90' lang='lat' dir='ltr'><strong>ab</strong></span> <span class='ocrx_word' id='word_1_146' title='bbox 347 2827 461 2901; x_wconf 85' lang='lat' dir='ltr'><strong>latere</strong></span> <span class='ocrx_word' id='word_1_147' title='bbox 485 2829 639 2899; x_wconf 88' lang='lat' dir='ltr'><strong>interno</strong></span> <span class='ocrx_word' id='word_1_148' title='bbox 660 2829 774 2926; x_wconf 88' lang='lat' dir='ltr'><strong>paulo</strong></span> <span class='ocrx_word' id='word_1_149' title='bbox 795 2853 907 2928; x_wconf 87' lang='lat' dir='ltr'><strong>supra</strong></span> <span class='ocrx_word' id='word_1_150' title='bbox 937 2831 1073 2928; x_wconf 87' lang='lat' dir='ltr'><strong>pedem</strong></span> 
     </span>
     <span class='ocr_line' id='line_1_23' title="bbox 80 2947 1074 3046; baseline 0.008 -33"><span class='ocrx_word' id='word_1_151' title='bbox 80 2958 263 3018; x_wconf 84' lang='lat' dir='ltr'><strong>exstarent.</strong></span> <span class='ocrx_word' id='word_1_152' title='bbox 287 2947 372 3036; x_wconf 86' lang='lat' dir='ltr'><strong>His,</strong></span> <span class='ocrx_word' id='word_1_153' title='bbox 398 2961 607 3044; x_wconf 87' lang='lat' dir='ltr'><strong>utcumque</strong></span> <span class='ocrx_word' id='word_1_154' title='bbox 640 2962 847 3044; x_wconf 89' lang='lat' dir='ltr'><strong>potuerunt</strong></span> <span class='ocrx_word' id='word_1_155' title='bbox 862 2960 864 2963; x_wconf 75' lang='grc'><strong>“</strong></span> <span class='ocrx_word' id='word_1_156' title='bbox 881 2951 1074 3046; x_wconf 85' lang='lat' dir='ltr'><strong>repositis,</strong></span> 
     </span>
     <span class='ocr_line' id='line_1_24' title="bbox 82 3047 1074 3154; baseline 0.012 -26"><span class='ocrx_word' id='word_1_157' title='bbox 82 3057 262 3136; x_wconf 90' lang='lat' dir='ltr'><strong>hominem</strong></span> <span class='ocrx_word' id='word_1_158' title='bbox 286 3065 325 3134; x_wconf 89' lang='lat' dir='ltr'><strong>in</strong></span> <span class='ocrx_word' id='word_1_159' title='bbox 343 3064 501 3154; x_wconf 83' lang='lat' dir='ltr'><strong>urbem,</strong></span> <span class='ocrx_word' id='word_1_160' title='bbox 532 3079 569 3136; x_wconf 92' lang='lat' dir='ltr'><strong>et</strong></span> <span class='ocrx_word' id='word_1_161' title='bbox 593 3065 857 3136; x_wconf 88' lang='lat' dir='ltr'><strong>nosocomium</strong></span> <span class='ocrx_word' id='word_1_162' title='bbox 890 3047 1074 3140; x_wconf 78' lang='lat' dir='ltr'><strong>vexerunt</strong></span> 
     </span>
     <span class='ocr_line' id='line_1_25' title="bbox 82 3174 1075 3281; baseline 0.012 -35"><span class='ocrx_word' id='word_1_163' title='bbox 82 3174 204 3278; x_wconf 78' lang='lat' dir='ltr'><strong>frigido</strong></span> <span class='ocrx_word' id='word_1_164' title='bbox 223 3183 516 3281; x_wconf 87' lang='lat' dir='ltr'><strong>annitempore‚</strong></span> <span class='ocrx_word' id='word_1_165' title='bbox 536 3186 731 3254; x_wconf 87' lang='lat' dir='ltr'><strong>eratenim</strong></span> <span class='ocrx_word' id='word_1_166' title='bbox 752 3183 901 3255; x_wconf 92' lang='lat' dir='ltr'><strong>medius</strong></span> <span class='ocrx_word' id='word_1_167' title='bbox 924 3186 1075 3258; x_wconf 86' lang='lat' dir='ltr'><strong>circiter</strong></span> 
     </span>
     <span class='ocr_line' id='line_1_26' title="bbox 83 3291 1075 3400; baseline 0.011 -37"><span class='ocrx_word' id='word_1_168' title='bbox 83 3291 280 3371; x_wconf 78' lang='lat' dir='ltr'><strong>februarius</strong></span> <span class='ocrx_word' id='word_1_169' title='bbox 307 3299 447 3372; x_wconf 88' lang='lat' dir='ltr'><strong>mensis</strong></span> <span class='ocrx_word' id='word_1_170' title='bbox 465 3302 556 3371; x_wconf 82' lang='lat' dir='ltr'><strong>anni</strong></span> <span class='ocrx_word' id='word_1_171' title='bbox 577 3301 679 3399; x_wconf 84' lang='lat'>1736.</span> <span class='ocrx_word' id='word_1_172' title='bbox 699 3302 939 3400; x_wconf 51' lang='lat' dir='ltr'><strong>Itaque&#39;coeli</strong></span> <span class='ocrx_word' id='word_1_173' title='bbox 962 3305 1075 3375; x_wconf 85' lang='lat' dir='ltr'><strong>etiam</strong></span> 
     </span>
     <span class='ocr_line' id='line_1_27' title="bbox 84 3410 1074 3516; baseline 0.014 -38"><span class='ocrx_word' id='word_1_174' title='bbox 84 3410 216 3506; x_wconf 88' lang='lat' dir='ltr'><strong>injuriis</strong></span> <span class='ocrx_word' id='word_1_175' title='bbox 229 3413 515 3503; x_wconf 86' lang='lat' dir='ltr'><strong>accedentibus,</strong></span> <span class='ocrx_word' id='word_1_176' title='bbox 538 3420 676 3490; x_wconf 88' lang='lat' dir='ltr'><strong>servari</strong></span> <span class='ocrx_word' id='word_1_177' title='bbox 702 3443 781 3488; x_wconf 90' lang='lat' dir='ltr'><strong>non</strong></span> <span class='ocrx_word' id='word_1_178' title='bbox 801 3419 948 3516; x_wconf 90' lang='lat' dir='ltr'><strong>potuit,</strong></span> <span class='ocrx_word' id='word_1_179' title='bbox 975 3439 1074 3492; x_wconf 87' lang='lat' dir='ltr'><strong>mor-</strong></span> 
     </span>
     <span class='ocr_line' id='line_1_28' title="bbox 85 3533 1093 3632; baseline 0.011 -34"><span class='ocrx_word' id='word_1_180' title='bbox 85 3540 233 3631; x_wconf 83' lang='lat' dir='ltr'><strong>tuusque</strong></span> <span class='ocrx_word' id='word_1_181' title='bbox 246 3549 302 3605; x_wconf 90' lang='lat' dir='ltr'><strong>est</strong></span> <span class='ocrx_word' id='word_1_182' title='bbox 319 3535 418 3606; x_wconf 87' lang='lat' dir='ltr'><strong>intra</strong></span> <span class='ocrx_word' id='word_1_183' title='bbox 439 3549 615 3632; x_wconf 88' lang='lat' dir='ltr'><strong>quartum</strong></span> <span class='ocrx_word' id='word_1_184' title='bbox 637 3560 664 3607; x_wconf 87' lang='lat' dir='ltr'><strong>a.</strong></span> <span class='ocrx_word' id='word_1_185' title='bbox 681 3533 845 3607; x_wconf 84' lang='lat' dir='ltr'><strong>fractura</strong></span> <span class='ocrx_word' id='word_1_186' title='bbox 865 3535 976 3606; x_wconf 88' lang='lat' dir='ltr'><strong>diem.</strong></span> <span class='ocrx_word' id='word_1_187' title='bbox 999 3539 1093 3624; x_wconf 89' lang='lat' dir='ltr'><strong>Etsi</strong></span> 
     </span>
    </p>
   </div>
   <div class='ocr_carea' id='block_1_3' title="bbox 120 3829 784 4117">
    <p class='ocr_par' dir='ltr' id='par_1_5' title="bbox 120 3829 784 4117">
     <span class='ocr_line' id='line_1_29' title="bbox 120 3829 578 3909; baseline 0.024 -22"><span class='ocrx_word' id='word_1_188' title='bbox 120 3829 160 3909; x_wconf 77' lang='grc' dir='ltr'><strong>(ι)</strong></span> <span class='ocrx_word' id='word_1_189' title='bbox 177 3835 300 3896; x_wconf 86' lang='lat' dir='ltr'><strong>Dissert.</strong></span> <span class='ocrx_word' id='word_1_190' title='bbox 312 3839 350 3896; x_wconf 87' lang='lat' dir='ltr'><strong>de</strong></span> <span class='ocrx_word' id='word_1_191' title='bbox 366 3838 477 3897; x_wconf 86' lang='lat' dir='ltr'><strong>ossium</strong></span> <span class='ocrx_word' id='word_1_192' title='bbox 492 3842 578 3898; x_wconf 77' lang='lat' dir='ltr'><strong>callo.</strong></span> 
     </span>
     <span class='ocr_line' id='line_1_30' title="bbox 120 3929 784 4014; baseline 0.018 -29"><span class='ocrx_word' id='word_1_193' title='bbox 120 3929 159 4006; x_wconf 70' lang='lat' dir='ltr'><strong>ml</strong></span> <span class='ocrx_word' id='word_1_194' title='bbox 178 3937 241 3994; x_wconf 82' lang='lat' dir='ltr'><strong>Aet.</strong></span> <span class='ocrx_word' id='word_1_195' title='bbox 256 3940 294 3996; x_wconf 84' lang='lat' dir='ltr'><strong>N.</strong></span> <span class='ocrx_word' id='word_1_196' title='bbox 308 3939 342 3996; x_wconf 91' lang='lat' dir='ltr'><strong>C.</strong></span> <span class='ocrx_word' id='word_1_197' title='bbox 360 3949 431 3996; x_wconf 85' lang='lat' dir='ltr'><strong>tom.</strong></span> <span class='ocrx_word' id='word_1_198' title='bbox 448 3961 481 4014; x_wconf 85' lang='lat'><strong>1,</strong></span> <span class='ocrx_word' id='word_1_199' title='bbox 495 3941 560 3998; x_wconf 86' lang='lat' dir='ltr'><strong>obs.</strong></span> <span class='ocrx_word' id='word_1_200' title='bbox 576 3937 629 4014; x_wconf 78' lang='lat'><strong>53,</strong></span> <span class='ocrx_word' id='word_1_201' title='bbox 639 3960 717 4000; x_wconf 80' lang='lat' dir='ltr'><strong>vers.</strong></span> <span class='ocrx_word' id='word_1_202' title='bbox 730 3939 784 3998; x_wconf 85' lang='lat' dir='ltr'><strong>fin.</strong></span> 
     </span>
     <span class='ocr_line' id='line_1_31' title="bbox 122 4027 614 4117; baseline 0.018 -28"><span class='ocrx_word' id='word_1_203' title='bbox 122 4027 160 4112; x_wconf 61' lang='lat' dir='ltr'><strong>li]</strong></span> <span class='ocrx_word' id='word_1_204' title='bbox 178 4032 249 4112; x_wconf 86' lang='lat' dir='ltr'><strong>Eph.</strong></span> <span class='ocrx_word' id='word_1_205' title='bbox 267 4039 304 4097; x_wconf 86' lang='lat' dir='ltr'><strong>N.</strong></span> <span class='ocrx_word' id='word_1_206' title='bbox 320 4041 444 4100; x_wconf 62' lang='lat' dir='ltr'><strong>Coeent.</strong></span> <span class='ocrx_word' id='word_1_207' title='bbox 459 4060 494 4117; x_wconf 85' lang='lat'><strong>7,</strong></span> <span class='ocrx_word' id='word_1_208' title='bbox 505 4041 570 4101; x_wconf 82' lang='lat' dir='ltr'><strong>obs.</strong></span> <span class='ocrx_word' id='word_1_209' title='bbox 584 4049 614 4113; x_wconf 75' lang='lat' dir='ltr'><strong>t.</strong></span> 
     </span>
    </p>
   </div>
   <div class='ocr_carea' id='block_1_4' title="bbox 0 0 1388 4662">
    <p class='ocr_par' dir='ltr' id='par_1_6' title="bbox 0 0 1388 4662">
     <span class='ocr_line' id='line_1_32' title="bbox 0 0 1388 4662; baseline 0 0"><span class='ocrx_word' id='word_1_210' title='bbox 0 0 1388 4662; x_wconf 95' lang='lat' dir='ltr'><strong> </strong></span> 
     </span>
    </p>
   </div>
  </div>
 </body>
</html>
