2700 4660
119 514 191 566 nni.
206 505 752 582 nonnonmsoninoncqetci
766 515 976 568 rnisrnvn.
1009 494 1076 596 195

75 632 183 704 eliud
208 631 313 729 quod
341 646 474 729 preter
499 647 672 702 naturam
700 647 814 720 esset,
843 635 882 703 in
902 635 1082 723 musculis

70 765 126 822 est
144 749 462 821 animadversum.
475 749 576 838 Quin
597 750 746 846 gravior
763 749 860 820 odor
872 775 920 822 ne
932 752 985 823 ibi
999 755 1081 850 qui·

70 866 159 938 dem
179 882 281 955 erat,
314 864 381 936 ubi
405 866 467 935 illa
492 881 598 936 erant
616 867 714 936 vitia.
743 869 832 956 Quae
858 869 898 936 in
917 884 1080 966 utroque

71 983 208 1054 lumbo
233 985 361 1053 omnia
384 982 623 1080 deprehensa
649 998 758 1054 sunt:
779 981 902 1056 sedin
927 987 1079 1060 sinistro

72 1101 195 1172 multo
213 1101 365 1171 leviora.

124 1219 181 1289 18.
211 1219 280 1288 Hic
307 1233 344 1288 te
367 1216 442 1287 duo
463 1241 509 1288 ex
538 1239 598 1288 me
630 1239 796 1314 quaerere
818 1220 1079 1317 posse,vide0‚

72 1335 258 1422 alterurn,
278 1333 378 1405 unde
394 1333 456 1422 illo
470 1349 565 1406 esset
576 1335 754 1404 movendi
768 1359 878 1406 crura
895 1339 1080 1434 impoten-

72 1452 148 1522 tia?
173 1450 357 1535 tuberum,
384 1450 486 1520 unde
521 1451 559 1520 in
592 1451 800 1523 cervicibus
826 1453 1006 1526 dolores?
1036 1461 1082 1527 Et

71 1567 214 1640 horum
229 1569 384 1665 quidem
405 1575 554 1639 cansam
575 1594 654 1639 non
669 1567 821 1658 difficile
832 1573 1030 1667 conjicies,
1048 1575 1078 1645 si

71 1711 262 1774 mearum,
282 1709 375 1783 quas
394 1687 433 1755 in
455 1685 702 1782 sequentibus
728 1688 840 1758 etiarn
861 1659 970 1761 annis
986 1715 1079 1761 con-

69 1803 240 1893 firmavi,
258 1802 818 1898 observationum·(1)rnemor‚
839 1806 1079 1904 longissimos

72 1945 241 2020 quorum
254 1921 359 1992 initia
372 1922 498 1991 vitiata
511 1920 572 1990 hic
588 1936 712 2008 erant,
730 1921 948 1992 musculosa
964 1923 1078 1997 dorso

71 2065 141 2138 per
164 2042 331 2112 cervices
356 2043 395 2109 in
424 2038 601 2110 omnibus
624 2039 664 2108 in
680 2037 820 2136 quibus
843 2039 882 2108 id
905 2041 1079 2136 quaesivi,

71 2160 282 2257 perrexisse
301 2182 380 2228 non
394 2157 637 2256 ignoraveris.
657 2157 925 2254 Impotentiain
949 2173 1077 2230 autern

70 2277 175 2348 iilam
202 2274 291 2346 inde
317 2271 472 2346 fortasse
513 2268 749 2346 natam'esse
779 2275 959 2371 suspicari
983 2277 1080 2349 nihil
1148 2301 1149 2306 ’

70 2409 194 2481 vetat,
224 2391 329 2489 quod
346 2392 435 2462 vitia
455 2391 494 2461 in
514 2391 704 2489 quadratis
731 2392 842 2462 etiam
864 2391 1081 2465 lumborum

72 2511 278 2596 musculis,
298 2532 420 2606 eoque
447 2511 638 2608 graviora,
668 2534 746 2605 quo
775 2512 933 2607 propius
957 2528 1080 2583 verte·
1114 2525 1120 2533 '

70 2630 159 2702 bras
186 2627 467 2715 animadversa,
496 2629 693 2723 pervenire
714 2625 867 2696 demum
888 2631 1083 2724 potuerint

72 2747 118 2817 ad
145 2769 213 2819 eos
239 2768 376 2816 nervos
396 2768 443 2814 ex
469 2742 609 2841 quibus
644 2742 811 2812 crurales
843 2745 1080 2841 coalescunt,

72 2863 220 2936 nedum
238 2862 286 2932 ad
306 2862 498 2950 musculos
521 2861 623 2958 ipsos
641 2883 769 2957 psoas,
787 2875 829 2930 ut
846 2862 933 2932 vitia
951 2861 1015 2932 illa
1034 2862 1081 2934 ab

74 2977 328 3052 exterioribus
340 2977 387 3048 ad
402 2977 581 3048 interiora
598 2975 827 3074 pergebant:
844 2981 1081 3075 nequeenim

73 3096 120 3168 ab
137 3094 388 3167 interioribus
407 3093 454 3164 ad
484 3095 668 3166 exteriora
700 3096 947 3191 processisse,
966 3097 1081 3189 illud,

74 3215 143 3286 etsi
162 3227 336 3310 ventrem
351 3212 597 3309 introspicere
615 3236 694 3281 non
714 3211 838 3298 licuit,
851 3212 992 3284 indicio
1009 3229 1083 3302 est,

76 3330 183 3429 quod
201 3329 311 3400 nullae
340 3329 386 3402 de
414 3328 571 3400 renibus
599 3327 782 3426 qoerelae,
813 3314 994 3425 nulloque
1014 3329 1083 3400 ho·-

76 3451 164 3518 rnm
190 3446 349 3518 laesionis
381 3447 485 3543 signa
514 3443 843 3530 memorabantur,
864 3469 934 3516 nec
952 3469 1082 3538 crura,

77 3565 285 3662 incipiente
301 3617 311 3652 ,
326 3563 391 3634 sed
413 3563 478 3634 diu
496 3585 696 3660 progresso
720 3562 797 3658 jam
821 3563 976 3650 morb0‚
994 3579 1084 3636 sunt

78 3681 277 3752 infirmata.
399 3692 402 3700 ‘

82 3893 1087 3920 W

120 4051 170 4131 (ι)
186 4051 312 4114 Adsere.
325 4063 404 4112 anat.
420 4071 453 4127 ο,
472 4050 602 4110 animad.
620 4048 655 4109 ιδ
672 4049 769 4108 infin.

882 4143 944 4218 13*
