2836 4648
137 407 205 454 Lm.
217 407 251 454 V·
261 407 307 455 DE
313 405 435 454 ADDEN
438 401 550 452 Iustu
556 402 625 450 unt.
635 401 823 450 SUPERIOR.
832 403 943 451 Ertsr.
952 387 1047 452 mx.
1065 379 1133 454 651

137 521 291 621 quidem
311 522 412 592 intus
424 539 555 618 rugam
571 517 989 589 ventriculusostendit.
1002 524 1135 606 Jecur,

137 655 175 712 et
197 640 273 711 lien
294 639 444 736 magna,
472 643 543 708 'nec
572 651 699 707 tamen
727 634 914 724 morbida,
937 637 1008 707 nisi
1032 637 1149 732 quod,

137 759 287 832 dissecti
313 759 421 830 lienis
446 757 523 827 visa
560 754 654 827 mihi
677 770 732 827 est
767 755 973 828 substantia
997 755 1137 843 laxior,

137 878 244 948 color
261 892 386 948 autem
400 875 550 946 dilutus.
569 877 616 945 At
634 894 768 944 renum
786 868 947 972 uterque
964 873 1137 971 pluribus
1215 925 1217 932 a

135 992 380 1090 hydatidibus
399 1006 617 1079 excavatus,
636 1015 717 1087 quae
739 989 810 1062 sub
829 991 909 1088 ipsa
920 1015 1059 1064 eorum
1076 1007 1137 1064 tu-

135 1111 222 1182 nica
241 1110 485 1208 incipientes,
507 1134 553 1180 eo
580 1107 849 1207 perveniebant
881 1121 927 1182 ut
960 1107 1135 1198 tubulos,

134 1228 204 1322 qui
229 1229 385 1326 papillas
413 1229 620 1326 excipiunt,
648 1227 931 1330 contingerent,
963 1225 1138 1323 inaequali

134 1345 238 1416 intus
270 1343 489 1444 superficie,
524 1345 588 1417 sed
627 1367 691 1414 sua
719 1343 887 1442 undique
916 1343 1137 1424 membrana
1244 1399 1246 1404 .
1338 1417 1341 1428 ,

135 1461 428 1560 comprehensae.
448 1463 581 1535 Vesica
604 1463 770 1534 urinaria
789 1462 967 1560 amplior,
991 1443 1031 1532 in
1050 1462 1136 1533 lon-

135 1581 346 1680 gitudinem
376 1583 600 1679 praesertim,
630 1596 673 1652 ut
705 1579 823 1678 duplo
856 1579 1135 1678 propemodum
1234 1621 1237 1627 ·

135 1699 410 1796 longioresset,
425 1723 539 1796 quam
552 1698 678 1770 soleat.
686 1697 757 1769 Sed
773 1679 871 1783 haee,
885 1698 973 1767 utin
984 1697 1136 1786 biboso,
1244 1747 1245 1750 =

134 1809 230 1888 mira
255 1841 334 1887 non
354 1831 463 1912 sunt„
481 1815 538 1886 Ad
561 1838 760 1916 veneream
779 1829 904 1886 autem
922 1811 1023 1886 luem
1043 1837 1136 1886 num

133 1933 359 2033 pertineret,
377 1958 424 2004 an
442 1957 463 2004 a
479 1931 696 2030 primordiis
714 1933 766 2002 sic
782 1945 877 2003 esset
896 1925 1001 2027 quod
1018 1933 1058 2000 in
1079 1949 1137 2030 se·

137 2051 267 2121 minali
296 2049 501 2121 caruncula
522 2048 788 2134 animadverti,
817 2073 896 2119 non
915 2048 1023 2121 lacile
1036 2049 1139 2119 dixe-

135 2169 219 2238 rim.
241 2168 352 2238 Sinus
371 2168 437 2264 qui
462 2167 503 2250 in
527 2167 592 2239 illa
612 2183 684 2254 est,
717 2165 903 2237 orificium
932 2167 1137 2236 maximum

133 2300 215 2358 erat
236 2309 282 2356 ex
300 2284 479 2355 omnibus
503 2309 585 2381 quae
603 2282 740 2355 vidisse
765 2289 935 2381 unquam
963 2277 1137 2372 memini,

134 2427 207 2474 nec
234 2383 442 2477 secundum
464 2401 762 2499 longitudinem,
780 2401 865 2490 sed,
884 2399 988 2498 quod
1014 2401 1055 2470 in
1073 2419 1140 2471 ne·

135 2521 239 2593 mine
261 2519 462 2616 conspexi,
476 2519 516 2588 in
533 2535 787 2591 transversum
806 2521 982 2622 positum.
1001 2523 1137 2589 Semen
1239 2579 1242 2584 ,

135 2652 284 2724 tamen,
309 2663 329 2709 e
356 2637 529 2710 vesiculis
553 2663 797 2736 expressum,
822 2663 903 2708 non
927 2662 995 2734 per
1025 2636 1139 2725 illud,
1177 2635 1179 2640 ’

135 2751 202 2824 sed
229 2777 298 2850 per
326 2752 417 2824 bina
441 2753 590 2841 oscula,
618 2770 660 2824 ut
692 2755 912 2841 consuevit,
933 2752 1138 2850 prodibat,
1220 2747 1224 2751 ’

134 2893 218 2966 quae
241 2867 288 2940 ab
316 2869 496 2942 lateribus
525 2871 634 2942 illius
644 2886 741 2943 sunt.
772 2871 1071 2942 Aortae'interior
1091 2869 1139 2940 f-

136 2987 212 3058 cies
225 3002 358 3057 contra
369 2986 528 3058 coeliacae
542 2968 679 3060 ostium
696 3013 775 3059 non
792 2989 891 3061 laevis
901 3003 999 3075 erat,
1019 3004 1060 3060 ut
1073 2995 1141 3086 per

134 3109 306 3198 ventrem
323 3103 440 3192 alibi,
468 3105 546 3176 imo
575 3105 668 3177 duas
697 3103 751 3176 ibi
777 3129 901 3178 osseas
928 3107 1143 3203 squamulas

137 3208 371 3308 ostendebat.
403 3224 449 3292 In
477 3220 631 3293 thorace
658 3249 813 3321 quoque
841 3224 972 3295 eadem
1009 3245 1144 3320 magna
1225 3209 1227 3214 ¹

136 3337 273 3408 arteria
299 3338 494 3410 nonnullis
514 3339 606 3413 locis
624 3339 724 3413 idem
752 3343 855 3414 intus
883 3343 1017 3414 vitium
1043 3337 1145 3410 fove·
1183 3327 1202 3418 ‚¹

137 3452 222 3542 bat3
242 3452 308 3525 sed
322 3479 442 3554 prope
461 3455 627 3529 valvulas
641 3461 847 3556 praesertim
867 3483 970 3550 suae,
984 3479 1145 3554 quarum

140 3569 222 3642 duae
233 3594 403 3644 ossenon
420 3572 608 3666 carebant.
623 3579 744 3673 Supra
755 3579 854 3674 ipsas
865 3567 1012 3652 antem,
1032 3597 1150 3672 quan-

143 3713 257 3786 quam
275 3713 342 3760 cor
359 3705 438 3762 erat
458 3690 672 3781 mediocre,
697 3694 819 3789 major
842 3691 1020 3764 Valsalvae
1046 3689 1150 3762 sinus

145 3830 252 3902 aequo
270 3823 349 3890 erat
376 3807 498 3878 latior.
524 3808 596 3880 Sed
618 3808 697 3880 haec
727 3833 748 3879 a
772 3806 921 3880 morbo.
940 3807 996 3880 Ab
1021 3821 1153 3879 natura

1 3909 2 3916 ἵ
144 3921 296 3995 veroid
316 3921 422 4022 quod
442 3947 522 3996 non
536 3925 668 4000 videor
683 3925 773 3999 alias
790 3924 925 3998 vidisse
940 3979 950 4016 ,
968 3923 1156 3997 subclaria
