2824 4652
115 403 1033 488 amr.urnnnumsanura.surnaroamrrsr.axvi.
1053 393 1124 497 587

163 529 455 634 uasatisautem
466 551 553 601 cum
561 526 621 602 his
635 553 721 628 quaa
728 529 846 604 modo
857 531 1035 607 dicebam
1041 557 1127 606 con-

119 647 270 734 uenire,
283 640 431 742 gaudeo
448 645 729 723 observationes
742 662 917 747 tresquas
930 650 1128 736 ibidemle·

123 787 194 862 go,
209 761 277 836 ubi
292 787 373 838 eam
389 762 542 834 uvulam
553 763 838 862 proponivideo
852 787 927 864 qua
941 767 988 840 de
1002 768 1126 840 sardio

121 879 456 953 hiccstiustitutus.
471 881 721 952 Curnonimin
734 881 1016 975 tribpsinventa
1032 899 1127 958 esset

121 997 241 1076 uvula
255 999 324 1070 ista
337 1019 459 1095 parvae
474 997 698 1093 nucula-tan
714 999 890 1072 avellanae
904 999 938 1096 i)
956 1001 1127 1076 crassitu-

122 1113 428 1212 tudine3primus
440 1137 527 1188 cum
545 1113 864 1214 frequentibusad
878 1118 1126 1216 mingendum

122 1232 284 1304 stimulis
298 1232 525 1332 permolesta
540 1233 658 1308 urinae
673 1231 910 1344 difficultate,
931 1235 1024 1308 alter
1036 1251 1127 1308 octo

120 1351 200 1447 jam
215 1348 296 1431 dies
310 1349 493 1440 ischuria,
514 1351 574 1422 cui
591 1375 660 1449 per
675 1345 911 1424 catheterem'
924 1351 1128 1434 medaban-

121 1482 207 1558 tur,
233 1469 365 1548 tertius
396 1467 603 1556 alterutra,
632 1492 720 1538 nana
751 1479 834 1540 utra
864 1469 1129 1566 ignorabatur,

123 1581 323 1659 affectione
335 1583 589 1675 laboraverat,
603 1585 775 1657 omnium
793 1600 919 1658 autem
933 1587 1131 1660 vesica'lo-

123 1702 181 1774 ¹tio
198 1702 350 1776 inventa
366 1719 421 1790 est
433 1693 540 1776 valde
551 1703 674 1801 plena.
696 1701 768 1774 Sed
784 1703 822 1772 in
844 1702 919 1774 hoc
938 1703 1128 1802 discrepa-

127 1843 232 1908 mus,
244 1819 358 1917 'quod
370 1819 444 1892 illis
460 1834 568 1892 aucta
584 1817 751 1894 eraditur
769 1820 882 1892 fuisse
898 1819 1027 1903 uvola;
1041 1843 1128 1890 cum

130 1959 222 2010 meae
242 1937 347 2008 mihi.
365 1936 648 2025 observationes
661 1933 939 2035 persuadeant,
958 1933 1047 2006 inde
1065 1935 1131 2008 ubi

130 2053 235 2126 nulla
247 2068 345 2128 esset
363 2053 493 2143 urula,
512 2069 650 2152 praeter‘
665 2053 878 2126 naturalem
892 2053 1050 2142 omnino
1061 2077 1133 2122 ex-

127 2173 373 2246 crescentium
392 2199 412 2246 e
429 2188 596 2273 prostata
623 2173 798 2246 extitisse.
830 2175 1010 2268 Measque
1037 2168 1133 2240 illud

131 2287 284 2392 adjtrvat
297 2287 598 2378 observationes,
618 2287 724 2388 quod
743 2303 780 2360 et
791 2287 880 2359 alibi
898 2287 956 2386 (ι)
969 2284 1134 2358 animad-

111 2485 113 2495 ,
133 2407 244 2496 verti,
267 2422 306 2478 et
322 2406 394 2478 bac
410 2431 564 2505 quoque
590 2407 750 2506 epistola
768 2405 1012 2504 confirmavi,
1028 2403 1134 2477 nulla

134 2524 176 2592 in
192 2523 427 2618 junioribus,
443 2527 570 2596 omnia
582 2513 707 2598 autam
729 2547 812 2622 quaa
830 2523 966 2596 vidisse
977 2506 1065 2608 ,aut
1082 2521 1135 2594 lc-

136 2638 232 2735 gisse
248 2653 357 2710 antea
381 2642 537 2712 memini
553 2631 813 2722 excrescentia
839 2642 945 2714 istius
969 2639 1140 2738 exempla
1218 2705 1222 2712 .

127 2755 180 2828 in
195 2755 347 2828 senibus
366 2755 607 2856 fausse,quos
625 2759 800 2833 videlicet
811 2756 954 2830 morbis
964 2780 1042 2828 esse
1059 2781 1139 2828 ma-

126 2873 199 2970 ¹gis
211 2873 417 2972 obnoxios,
430 2857 708 2948 etssnominatim
729 2880 853 2948 urinae
870 2871 1084 2961 stillicidiis,
1102 2889 1140 2946 ct

139 2988 443 3088 difficultatibus,
472 3015 587 3064 nemo
604 2991 656 3063 ‘ab
681 2991 919 3090 Hippocratis
939 2990 994 3087 (a)
1019 3011 1141 3087 usque

125 3108 378 3208 temporibus
399 3109 558 3209 ignorat.
578 3113 711 3209 Neque
740 3099 849 3182 obest
868 3088 965 3180 illud
981 3101 1158 3214 alterum'

141 3225 247 3323 quod
269 3251 347 3298 uua
372 3251 395 3299 a
421 3251 482 3299 me
502 3227 803 3300 animaduersum
826 3220 966 3324 legisti,
998 3245 1061 3298 eas
1078 3249 1143 3297 ex·
1249 3263 1251 3270 ·

142 3337 368 3418 crescentias
389 3369 468 3418 esse
502 3347 740 3418 consuevisse
768 3367 814 3417 ex
844 3343 908 3416 illa
932 3367 1003 3442 per
1027 3365 1143 3440 quam

144 3475 294 3536 exstans
305 3463 404 3535 linea
416 3461 589 3553 ducitur,
609 3477 782 3564 prostatae
800 3475 929 3561 parte3
953 3457 1146 3532 namfaci-

144 3578 218 3652 lius
234 3588 289 3652 est
305 3579 442 3654 lineam
456 3583 534 3680 jam
550 3581 727 3654 nonnihil
744 3593 950 3654 exstantem
969 3575 1145 3648 tumidio-

142 3755 1148 3786 w

182 3862 226 3940 (1)
247 3865 343 3940 Epist.
362 3874 463 3935 41‚u.
481 3879 527 3942 ¹9·

185 3964 228 4040 (a)
249 3965 281 4022 S.
298 3965 330 4038 3,
348 3966 417 4042 aph.
431 3965 479 4021 31.
524 3967 525 3976 ’
