2700 4660
59 389 120 434 rra.
135 389 183 434 1v.
204 388 254 434 or
266 387 409 436 monins
422 375 697 452 carnunc.‚‘etc.
711 389 822 438 arrsr.
839 388 939 437 evin.
968 369 1058 442 203·

37 525 154 589 mena,
164 527 245 572 esse
256 499 417 598 quando
428 501 1036 599 reget-proptermollificationem‚

37 642 93 688 seu
113 618 333 714 paralysim
351 618 513 718 pedum,
537 634 608 690 aut
625 641 820 706 manuum,
837 621 1037 720 impeditur

37 759 58 801 a
72 751 172 806 motu
192 735 354 808 illorum
377 735 649 823 membrorum
676 751 719 808 ut
750 737 947 834 inscriptio
972 738 1037 811 illa

38 849 310 924 observationis·
338 853 437 926 Petri
459 878 480 924 a
505 857 635 925 Castro
658 853 705 924 de
730 855 978 926 membrorum
1000 871 1038 926 et
1130 883 1132 890 ·

37 974 162 1039 orsc'um
175 969 488 1066 mollificatione,
514 970 774 1044 membrorum
800 971 952 1066 quidem
979 997 1038 1043 re·

37 1085 227 1170 solutioni,
250 1089 350 1175 sive,
368 1101 410 1158 ut
427 1089 623 1168 Atticennae
635 1089 857 1186 interpretes
873 1088 1036 1186 loquun-

38 1189 107 1288 tur,
130 1202 419 1300 mollificationi
439 1203 516 1303 (ι),
536 1231 615 1276 non
639 1197 801 1294 ossiuin,
832 1207 1035 1280 convenire

38 1318 209 1392 videatur.
231 1323 332 1394 Satis
348 1337 474 1394 tamen
493 1324 647 1420 antiqua
659 1323 833 1420 'exempla
853 1339 941 1396 sunt
954 1349 1035 1420 quaa

40 1433 117 1506 olim
133 1438 336 1512 Fernelius
349 1437 420 1535 (a),
437 1454 473 1511 et
490 1464 603 1536 quem
614 1443 693 1538 ipse
706 1439 832 1514 laudat
844 1495 854 1529 ‚
866 1441 1035 1514 Ruellius

38 1549 158 1625 litteris
188 1555 447 1645 mandarunt,
464 1554 562 1630 felici
590 1559 701 1628 etiam
726 1558 850 1630 addita
868 1583 936 1656 per
955 1557 1035 1630 bal·

41 1692 116 1740 neas
134 1671 371 1747 aluminosas
397 1675 607 1762 curatione,
620 1691 734 1771 qnam
753 1700 797 1747 ex
813 1675 964 1748 Sachsio
975 1675 1032 1774 (3)

41 1785 213 1886 intelliges
231 1791 330 1863 alios
346 1801 500 1889 quoque
521 1815 599 1864 esse
612 1807 770 1864 secutos.
779 1791 850 1866 Sed
861 1817 1032 1888 quaenam

43 1901 85 1972 sic
100 1907 359 1982 emollitorum
380 1911 519 2000 ossium
542 1924 749 1997 structura,
771 1924 948 1981 naturave
965 1934 1035 2007 per
1129 1957 1131 1964 ,

46 2035 232 2096 anatomen
248 2043 401 2124 reperta
415 2042 579 2115 esset,ut
589 2026 660 2097 illis
669 2025 1033 2125 excasibus‚quippe

45 2137 199 2214 testinata
217 2141 476 2232 firmitudine,
493 2144 585 2216 scire
599 2169 678 2214 non
692 2145 817 2234 licuit,
837 2145 888 2218 sic
908 2157 1034 2241 neque

46 2273 80 2319 ex
94 2254 169 2328 aliis
183 2262 253 2356 qui
267 2261 483 2334 enumerari
499 2261 643 2350 solent,
669 2277 711 2332 ut
726 2277 816 2359 puta
830 2262 876 2333 ah
890 2262 1032 2335 Jacobo

46 2369 196 2446 Hollerio
210 2377 293 2474 (4),
320 2377 559 2452 aGuilielmo
584 2367 754 2452 Fabricio
780 2379 940 2452 Hildano
959 2377 1033 2476 (5),

46 2506 62 2552 a
77 2489 178 2564 Petro
198 2495 351 2570 Borello
367 2495 440 2592 (6),
459 2520 480 2568 a
495 2495 639 2567 Thema
656 2495 872 2566 Bartholino
893 2496 962 2594 (7),
982 2497 1031 2568 ab

48 2601 185 2680 Daniele
209 2614 406 2684 Prottenio
426 2611 484 2708 (8l
501 2613 737 2701 memoratis,
756 2613 813 2700 id,
833 2615 888 2684 uti
905 2637 1031 2710 spera-

47 2711 273 2809 trandidici.
292 2731 392 2821 Quin
409 2731 472 2800 illa
494 2729 604 2802 etiam
626 2729 735 2800 mitto
753 2753 834 2824 quae
851 2727 898 2798 ad
914 2753 1045 2826 pecu·.
1098 2773 1102 2784 =

49 2829 159 2912 liarern
176 2847 304 2942 potius
322 2848 413 2921 certi
425 2847 581 2942 alicujus
592 2847 685 2920 ossis
702 2844 845 2935 labem,
860 2869 972 2944 quarn
984 2847 1030 2919 ad

50 3049 1034 3084 mm

85 3207 123 3289 (1)
142 3217 209 3277 Vid.
227 3243 254 3280 o.
271 3241 305 3294 a,
319 3223 377 3280 fen.
394 3239 428 3292 a,
441 3223 462 3278 l.
474 3204 508 3292 Υ3,
525 3223 727 3280 ean..Avicen.
752 3203 754 3208 Ι

85 3305 123 3388 (Ἄ)
140 3316 183 3375 De
201 3323 295 3380 addit.
311 3341 368 3380 rer.
382 3309 461 3379 cans.
479 3325 499 3378 l.
514 3341 546 3394 a,
560 3343 585 3379 c.
599 3343 628 3400 9.

85 3405 122 3486 (3)
142 3415 238 3476 Schol.
255 3423 306 3480 cit.
540 3481 543 3488 ¹

88 3504 123 3586 ll)
141 3516 176 3572 In
187 3521 318 3595 adjectis.
331 3523 351 3577 l.
369 3541 395 3592 1,
411 3521 447 3579 de
457 3522 553 3578 morb.
567 3522 621 3578 int.
635 3521 709 3578 raris
724 3521 864 3596 quibusd.
877 3541 908 3579 n.
923 3541 952 3594 7.

87 3605 123 3684 (5)
143 3615 222 3678 Cent.
242 3643 274 3693 1,
290 3623 354 3678 obs.
364 3623 442 3678 chit.
460 3621 512 3693 45,
526 3633 553 3678 et
564 3633 640 3678 cent.
654 3623 688 3693 6,
704 3623 769 3678 obs.
784 3627 831 3693 74.

89 3705 125 3785 (6)
142 3713 178 3772 111
189 3717 239 3778 nn.
252 3721 368 3797 apnog.
384 3721 477 3778 anate
491 3723 651 3792 ascenez„
663 3717 733 3779 hat.
745 3721 848 3780 etone
860 3720 1031 3796 manaan.

89 3803 125 3885 (7)
144 3817 222 3879 Ceut.
235 3822 267 3894 6,
284 3820 354 3878 hist.
367 3832 446 3880 anat.
461 3829 509 3889 to.

92 3902 128 3987 (8)
144 3913 177 3972 ln
189 3923 252 3980 Act.
264 3922 344 3980 med.
358 3923 444 3982 Hafn.
458 3924 517 3980 vol.
532 3921 561 3993 3,
574 3921 638 3979 obs.
649 3928 699 3991 24.
