2782 4652
274 435 352 518 loo
449 455 494 498 nr
521 409 669 500 sluruus
691 453 735 500 ur
761 453 885 500 causis
911 452 1132 504 nonnosum.

283 567 499 654 minuisset,
531 567 630 652 sive,
672 565 777 662 quod
811 565 858 638 ad
886 567 1046 657 stultos,
1072 570 1149 641 sive
1180 563 1279 666 quod
1317 653 1319 656 Ι

282 671 488 782 generatim
506 683 552 754 od
575 708 640 756 eos
658 697 802 781 spectat
817 686 882 781 qui
899 684 1047 782 lapillos
1065 686 1277 760 arenulasvo

280 804 320 872 iu
371 799 434 872 illa
466 799 642 898 glandula
686 798 1018 899 habueruut(1).
1057 803 1133 874 Sed
1159 817 1277 874 tamen

280 919 319 992 id
343 915 479 990 accidit
503 916 606 1014 quod
630 918 669 986 in
691 915 922 1012 eJusosmodi
944 913 1056 992 rebus
1079 936 1136 994 est
1157 918 1280 992 lucilli·

213 1094 216 1100 .
267 1061 408 1122 nsum,
428 1051 471 1105 ut
486 1034 623 1132 aliquis
640 1059 772 1106 eorum
788 1037 960 1134 quiante
971 1038 1160 1110 nominati
1178 1051 1278 1124 suut,

280 1155 403 1254 ipsum
422 1149 576 1249 fugerit,
606 1165 643 1226 et
663 1151 825 1260 vicissim
850 1169 901 1228 ut.
914 1153 977 1226 alii
998 1181 1044 1226 ex
1062 1154 1138 1226 illis
1157 1151 1280 1253 quiab

279 1277 362 1372 ipso
379 1269 644 1360 adducuntur,
669 1295 730 1342 ane
760 1268 946 1368 fugerint,
977 1297 1056 1346 nou
1085 1271 1181 1344 alios
1207 1269 1278 1342 lere

183 1414 186 1424 ’
278 1390 477 1468 nominare
514 1386 683 1474 solitum,
716 1388 793 1462 uisi
817 1389 883 1485 qui
906 1390 1006 1462 inter
1036 1388 1278 1463 scribendum

233 1519 234 1524 ’
278 1519 515 1582 succurrunt.
535 1508 618 1576 Huc
633 1501 727 1576 illud
741 1505 902 1595 accedit,
918 1529 987 1578 cur
1001 1533 1061 1582 me
1076 1532 1171 1578 meae·
1182 1506 1278 1577 illius

278 1649 401 1723 operas
422 1624 553 1694 minus*
571 1621 772 1720 poeniteat,
790 1622 896 1720 quod
918 1649 965 1696 ex
992 1649 1056 1712 ea,
1082 1649 1172 1696 curu
1191 1623 1278 1694 meis

277 1723 371 1841 qtlas
384 1739 594 1831 autsimul,
611 1753 676 1810 aut
693 1763 863 1818 seorsum
878 1743 1081 1839 proposui,
1107 1740 1278 1824 observa·

276 1857 445 1934 tionibus
462 1857 685 1953 conjuncta,
700 1856 868 1954 proclive
886 1873 941 1930 est
955 1859 1167 1957 intelligere
1178 1913 1189 1949 ,
1202 1884 1275 1930 nou

260 1975 392 2050 'modo
406 2001 486 2048 uon
499 1975 699 2072 contigisse
713 1973 793 2045 aliis
808 1975 912 2072 quod
931 1975 1113 2073 praeclaro
1124 1978 1278 2075 contigit

277 2094 550 2168 iuterv'ivontos
564 2073 797 2180 anatomico,
814 2108 856 2164 ut
874 2098 912 2166 in
931 2095 1101 2166 omibus
1120 2093 1277 2168 cadave-

277 2212 378 2282 ribus
393 2211 585 2286 hominum
604 2205 836 2296 adultorum,
852 2209 985 2280 morbo
1001 2209 1278 2301 defunctorum,

275 2324 463 2428 pinealeui
483 2325 700 2424 glandulam
711 2322 887 2424 pluribus
910 2325 1074 2400 arenulis
1101 2333 1276 2422 refhrtom

275 2446 508 2542 iurauireut3
524 2466 656 2516 verum
687 2443 762 2516 hoc
793 2444 925 2533 etiam,
949 2469 1030 2516 non
1048 2469 1129 2547 csse
1147 2471 1217 2518 cur
1234 2472 1278 2518 ex

275 2565 355 2660 ejus
370 2557 559 2660 ¹glandulae
574 2576 639 2632 aut
661 2561 878 2659 integritate,
893 2562 932 2632 iu
950 2571 1039 2636 non'
1053 2563 1196 2652 stultis,
1215 2579 1275 2635 aut
1373 2547 1374 2562 ¹

274 2681 374 2754 vitiis
390 2680 429 2750 in
451 2678 572 2752 stultis
597 2702 790 2776 speremus
813 2679 976 2778 amplius
997 2703 1107 2778 posse
1120 2682 1273 2754 Cartesii
1373 2671 1374 2686 ¹

276 2797 500 2872 sententiam
519 2793 565 2868 de
580 2793 668 2866 sede
682 2796 722 2864 in
740 2819 782 2866 ea
806 2797 1004 2893 cogitantis
1028 2797 1161 2868 anima
1189 2821 1277 2868 con·
1373 2787 1374 2814 i

276 2915 428 2988 firmari.
463 2917 571 2985 Certe
606 2935 676 3010 ego
701 2911 771 2984 tibi
796 2911 979 2986 tredecies
1010 2913 1140 2986 saltem
1165 2923 1190 2986 a'
1219 2939 1275 2986 mo

272 3045 469 3134 perspecta
485 3031 525 3100 in
545 3029 636 3118 illa,
660 3029 795 3104 autad
823 3031 925 3104 illam
950 3031 1167 3130 glandulam
1190 3034 1273 3106 vitia

276 3147 467 3250 descripsi.
503 3148 641 3218 Novies
671 3147 725 3244 (a)
753 3147 917 3237 videbis,
949 3149 1028 3224 hac
1057 3148 1171 3223 luisse
1199 3152 1284 3230 siue¹

276 3265 441 3362 stultitia.
477 3267 617 3335 Contra
651 3263 823 3352 videbis,
864 3265 1057 3338 stultitiam
1090 3265 1207 3342 luisse
1239 3269 1274 3339 iu

275 3385 356 3458 aliis
374 3381 428 3478 (3)
442 3403 605 3479 quorum
619 3380 719 3452 illam
729 3382 946 3480 glandulam
962 3383 1059 3457 nihil
1069 3383 1272 3484 quidquam

314 3659 362 3736 (ι)
378 3656 472 3733 Epist.
489 3655 521 3728 5,
540 3675 571 3711 n.
589 3675 635 3714 ra.
858 3706 861 3720 .

316 3757 359 3839 (a)
380 3757 473 3832 Epist.
488 3757 517 3826 1,
539 3775 570 3811 n.
587 3763 637 3825 143
659 3753 720 3827 III,
743 3775 774 3812 n.
791 3757 1274 3833 143v,n.11;vl,n.12;v11‚

274 3880 303 3917 ιι.
321 3851 542 3929 155X,n.'r7;
560 3853 1157 3942 x1‚n.113x1v‚n.3t;xv1‚n.2a.

313 3957 357 4037 (3)
378 3957 472 4038 Epist.
484 3959 571 4032 VIII,
584 3975 613 4016 u.
628 3961 662 4038 I,
681 3957 713 4032 8,
730 3976 776 4018 rr.
