2836 4648
289 380 367 458 '516
467 405 513 454 us
538 393 684 464 sentens
708 403 753 450 aa
778 399 902 450 causis
927 389 1140 452 nonnosum

294 519 428 608 corde,
452 515 561 615 quale
583 529 620 592 ct
643 515 830 614 reliquam
857 537 997 611 corpus
1023 516 1077 587 sic
1103 515 1193 586 satis
1217 511 1303 599 fuit,

292 659 425 734 parvas
439 657 564 708 osseas
581 631 797 730 squamulas
813 630 1061 706 animadverti
1071 631 1120 702 ad
1133 631 1301 702 valvulas

293 767 404 826 aortae
429 749 634 847 subjectas,
662 764 699 820 et
729 747 777 820 ad
802 750 1013 846 proximam
1042 747 1218 844 ejusdem
1253 773 1302 820 ar·

293 872 393 942 teriae
413 868 547 940 faciem
565 867 802 953 interiorem,
820 889 947 962 neque
958 863 1229 952 ibiduntaxat,
1242 861 1301 936 sed

293 1002 331 1068 et
351 988 487 1084 passim
504 985 544 1056 in
559 981 869 1078 truncoreliquo.
894 985 977 1052 Imo
1003 1006 1078 1078 qua
1104 997 1218 1079 parte
1246 981 1302 1060 de·

291 1102 439 1178 sinebat
455 1102 534 1195 ejus
552 1122 679 1185 arcus3
697 1120 779 1194 qua
795 1121 897 1194 pars,
915 1112 952 1172 et
968 1121 1077 1170 arcus
1095 1099 1181 1196 ipse
1195 1113 1300 1170 erant

290 1218 456 1309 dilatata3
472 1213 939 1313 conspiciebaturinsuper
956 1214 1129 1311 quaedam
1161 1240 1297 1314 super·

276 1334 387 1406 'ficiei
410 1332 657 1430 inaequalitas‚
682 1332 862 1428 colorque
881 1331 990 1409 alius.
1017 1335 1208 1404 Ventrem
1243 1358 1300 1404 au·

289 1469 365 1544 tem
375 1446 645 1523 dissecantibus
661 1449 700 1520 in
717 1449 886 1544 ejusdcm
898 1449 1042 1520 arteriae
1054 1464 1200 1520 trunco
1218 1465 1296 1521 tum

285 1567 441 1656 lamellae
472 1591 607 1653 osseae,
645 1579 725 1638 tum
764 1565 976 1662 superficiei
1012 1567 1292 1663 inaequalitates

289 1683 541 1758 occurrebant
562 1683 758 1778 majores,
788 1684 882 1779 quin
910 1684 1021 1754 etiam
1047 1685 1193 1780 passim
1218 1709 1296 1758 cro

286 1803 438 1904 sianum
466 1800 838 1898 sanguinolentarum
859 1802 1024 1898 species:
1045 1825 1129 1898 quae
1164 1804 1294 1874 omnia

287 1936 324 1992 et
348 1945 417 2017 per
446 1917 572 1990 iliacas
605 1918 808 2016 propagari
840 1913 1119 2014 conspeximus.
1152 1919 1230 1992 Sed
1259 1937 1294 1993 et

288 2035 450 2109 crurales
461 2059 535 2133 qua
554 2058 622 2132 per
630 2031 768 2106 femina
783 2033 1291 2135 descendebant,rigidiores

286 2153 563 2240 eraut,et‘intra
580 2151 704 2223 sinum
714 2147 1045 2248 poplitis‚quodin
1059 2177 1138 2224 una
1153 2156 1286 2228 saltem

283 2268 549 2356 animadverti,
570 2253 693 2340 osseae.
707 2269 786 2340 Nec
805 2268 844 2338 in
862 2268 977 2340 altera
997 2285 1097 2342 certe
1116 2273 1286 2346 carotide

282 2387 480 2462 bracteolae
506 2409 619 2468 osseae
644 2379 859 2484 defuerant,
884 2387 1017 2461 necin
1050 2392 1286 2483 spermaticis

280 2506 371 2603 ipsis
387 2503 534 2576 arteriis
551 2502 725 2589 durities,
740 2527 823 2598 quae
839 2501 1054 2577 inchoatam
1067 2504 1284 2580 ossificatio·

268 2639 370 2696 'nem
392 2618 591 2692 indicabat.
615 2617 800 2696 'Muliebri
827 2618 991 2717 denique
1020 2619 1285 2710 fluori‚·unde

281 2740 428 2826 occasio
449 2738 586 2809 exstitit
602 2735 699 2806 hanc
718 2735 764 2810 ad
778 2752 816 2808 te
826 2735 1129 2812 observationem
1148 2738 1212 2812 his
1229 2742 1288 2814 lit-

280 2858 370 2928 teris
388 2853 576 2942 mittendi,
601 2851 776 2923 feminam
802 2851 1017 2943 laborasse,
1055 2879 1137 2926 nou
1166 2882 1284 2954 pauca

279 2971 456 3054 indicavit
473 2993 615 3057 crassa,
629 2984 665 3040 et
680 2995 724 3039 ex
741 2968 827 3040 albo
844 2969 891 3040 ad
903 2971 1103 3044 cinereum
1122 2997 1285 3073 vergens

243 3105 245 3112 ’
279 3089 449 3174 materia,
476 3111 551 3183 qua
575 3087 697 3156 cervix
724 3087 842 3190 uteri,
869 3102 906 3158 et
936 3089 1108 3184 proxima
1142 3096 1285 3192 vaginae

213 3193 214 3196 ¹
279 3229 366 3302 pars
383 3201 632 3274 foedabantur.
653 3200 824 3272 Infimam
844 3217 969 3306 autem
985 3203 1100 3301 hujus
1117 3225 1283 3305 partem,

278 3325 477 3418 ipsumque
505 3315 710 3405 orificium,
742 3319 847 3415 quod
884 3335 962 3391 erat
987 3323 1282 3420 amplissimum,

277 3438 466 3534 hujusque
496 3423 712 3506 inferiorem
742 3425 915 3508 viciniam
943 3433 1028 3508 cum
1060 3439 1203 3515 rubere
1238 3447 1283 3516 vi·

277 3553 435 3642 dissem;
464 3552 551 3622 inde
575 3567 776 3650 propterea
803 3549 850 3624 ad
881 3555 1076 3651 superiora
1101 3560 1281 3657 scalpello

276 3694 464 3768 pergem,
496 3685 576 3740 tum
609 3670 800 3740 materiam
837 3667 939 3741 illam
969 3676 1171 3770 conspexi,
1200 3691 1279 3748 tum

278 3787 450 3884 osculum
473 3787 589 3872 uteri,
613 3788 886 3884 cervicemque,
904 3787 1017 3860 ambo
1043 3815 1150 3886 aeque
1178 3792 1281 3864 latis-

279 3902 382 4000 sima.
408 3905 478 3974 Per
494 3903 631 3976 uterini
646 3918 769 3974 autem
789 3902 895 3976 fundi
910 3907 1131 3978 interiorem
1147 3933 1263 4008 super
