2746 4662
85 415 154 467 mr.
171 417 225 468 rr.
242 422 287 468 ns
301 406 727 483 nonrrscnmune.,etc.
742 417 854 470 rrrsr.
869 418 944 468 rvr.
972 394 1043 484 145
1135 416 1139 423 “

45 522 139 604 hanc
167 532 329 604 aliamve
350 530 537 627 ejusmodi
562 532 836 629 suspicionem:
860 555 991 630 quarn,¹
1007 534 1049 606 in

46 671 82 722 re
95 649 306 744 praesertim
314 647 463 720 insolita
473 699 483 736 ‚
495 647 657 720 eximere
665 645 1050 738 debebatPanarolus,

46 785 129 834 cum
157 765 328 838 luxatam
356 763 567 836 vertebram
591 763 746 837 cervicis
769 763 993 854 secundam,
1015 781 1053 838 et
1106 801 1108 806 ·

46 880 202 977 quidem
217 879 428 954 admodum
445 905 584 978 magna
600 878 818 970 laxatione,
834 883 1053 980 proposuit,

47 1013 80 1068 et
93 996 295 1074 hominem
310 1005 438 1070 tamen
450 997 523 1068 hoc
538 995 651 1070 modo
657 1021 732 1096 per
743 1023 858 1095 quam
865 999 1055 1097 plurimos

45 1113 120 1186 dies
142 1121 307 1206 viatim
323 1139 448 1212 neque
471 1115 682 1190 enimsatis
703 1113 774 1188 fuit
793 1115 939 1205 dicere,
957 1116 1055 1194 illud
1139 1125 1143 1140 ’

47 1255 91 1300 ex
102 1240 250 1306 mortui
261 1238 423 1306 sectione
434 1257 510 1304 esse
526 1234 776 1322 odterratum3
797 1233 863 1304 sed
881 1249 1053 1308 accurate

45 1347 266 1424 addendum
299 1363 396 1438 erat,
423 1373 539 1446 quam
567 1349 608 1419 in
627 1363 773 1446 partem
805 1350 929 1422 luxata
957 1339 1055 1430 esset

49 1467 242 1555 vertebra,
259 1481 296 1539 et
313 1492 360 1540 an
371 1455 537 1538 violento
554 1465 676 1538 exiilo
687 1489 790 1554 casu,
808 1467 880 1538 nisi
898 1465 1054 1540 fractam

49 1582 183 1679 ipsam,
202 1599 267 1658 aut
274 1566 360 1681 ejus
377 1583 552 1672 dentem,
571 1584 773 1681 ligamenta
787 1584 917 1658 saltem
931 1585 1056 1683 aliqua

50 1700 253 1776 invenisset
274 1701 453 1801 disrupta.
483 1705 624 1774 Contra
653 1715 778 1774 autem
807 1701 921 1777 lando
945 1727 1056 1801 proes-

51 1820 298 1892 tantissimum
311 1820 487 1892 Trevium
499 1816 573 1914 (1),
593 1819 766 1915 quicum
785 1819 825 1888 in
842 1819 961 1890 altero
971 1840 1055 1892 ver-

53 1933 198 2010 tebram
220 1935 440 2010 lumborum
468 1936 629 2034 primam
646 1961 790 2034 parum
812 1935 986 2008 luxatam
1005 1941 1057 2010 vi-

55 2048 145 2126 disse
163 2079 227 2143 se,
255 2054 426 2154 scripsit,
454 2054 610 2124 minime
633 2053 784 2125 reticuit
803 2076 938 2152 coppim
957 2057 1054 2151 ejus·

55 2167 133 2242 dem
154 2170 338 2244 vertehrae
357 2173 536 2262 fractura
561 2169 828 2268 longimdinali
843 2171 971 2244 hiulca
983 2199 1054 2271 pe·

56 2292 288 2387 nitarsfissum
297 2287 430 2364 fuisse:
445 2290 484 2360 in
495 2289 613 2362 altero
622 2304 746 2362 autem
755 2291 939 2362 vertebrae
952 2289 1057 2364 dorsi

52 2405 267 2499 penultimae
284 2427 420 2506 corpus
437 2406 492 2478 ad
512 2408 810 2502 conjunctionem
825 2431 907 2478 cum
920 2405 1052 2480 ultima

57 2543 123 2593 non
147 2523 271 2596 solum
299 2549 325 2592 a
350 2548 421 2596 sua
449 2522 669 2620 cartilagine
682 2529 832 2620 penitus
859 2525 1048 2614 avulsum,

56 2661 178 2714 vetum.
202 2646 319 2712 etiam
339 2636 476 2716 ibidem
493 2645 532 2710 in
544 2639 695 2736 aliquot
696 2628 829 2731 frusta
847 2647 1051 2714 comminu-

56 2765 124 2828 tum
143 2758 191 2830 ab
216 2781 256 2831 se
285 2771 479 2856 repertum
507 2778 587 2830 esse
610 2754 774 2828 tradidit.
797 2757 951 2828 Utinam
985 2759 1050 2834 alii

58 2891 132 2946 eum
146 2873 460 2956 vertebram-colli
480 2875 653 2971 quintam
673 2873 1049 2964 sinistrorsumsex·

57 2997 121 3060 tam
153 3016 244 3064 vero
279 2991 518 3066 dextrorsum
553 2990 734 3080 luxatam,
775 3015 914 3089 magno
946 2993 1047 3068 inter

59 3119 247 3208 utramque
270 3109 470 3205 interjecto
490 3093 596 3182 hiatu
615 3107 688 3206 (a),
717 3123 783 3180 aut
809 3134 896 3182 cum
929 3110 1046 3208 ipsius

58 3225 135 3298 colli
157 3226 365 3302 secundam
383 3226 594 3300 vertebram
613 3241 790 3300 nontam
811 3229 851 3300 in
873 3231 1046 3328 septenni

57 3361 162 3435 puero
181 3344 257 3443 (3),
276 3367 391 3442 quam
409 3344 450 3414 in
468 3344 587 3424 milite,
608 3344 664 3441 (Δ)
683 3341 905 3416 dislocatam
923 3342 1045 3420 offen-

86 3667 123 3748 (ι)
143 3671 211 3728 Aet.
228 3667 267 3729 N.
282 3669 315 3728 C.
330 3681 402 3726 tom.
421 3685 454 3741 r,
471 3667 537 3726 obs.
554 3667 604 3727 51.
667 3739 670 3744 Ι
920 3745 923 3758 1

85 3766 123 3848 (a)
144 3771 308 3830 commere-
323 3770 429 3828 Litter.
439 3787 488 3826 an.
506 3769 592 3842 1738,
606 3769 702 3830 Hebd.
715 3763 769 3849 io,
782 3771 822 3835 Π.

86 3865 125 3946 (3)
144 3873 202 3928 dn.
218 3869 309 3941 1734,
323 3866 414 3926 hebd.
430 3875 483 3940 ιε’,
493 3879 573 3944 post.
586 3889 616 3928 n.
632 3869 662 3930 6.

86 3963 126 4046 (i)
145 3970 202 4028 dn.
218 3965 411 4044 marmerei.
427 3967 481 4042 δι,
497 3968 572 4028 ni.
664 3979 666 3988 ’

118 4089 152 4163 7·
