2700 4660
32 465 91 511 un.
103 465 150 512 ιν.
165 465 213 514 un
228 419 590 531 nonms'cmnuno„
604 457 673 518 etc.
689 467 801 515 umsr.
818 467 921 514 cvm.
951 433 1035 514 235·

17 574 166 648 constat,
191 559 407 658 particulis
439 575 569 632 noster
598 560 834 632 memorabat
861 559 1025 632 Tomita-

14 703 76 748 nus
95 677 167 772 (1),
185 693 231 748 ut
250 679 585 767 observationem,
609 679 894 775 Consiliumque
920 679 1025 750 Trin-

20 795 150 866 eavellii
184 795 244 892 (n)
276 797 427 893 pariter
451 798 572 868 nostri
601 794 955 902 subjiciam‚'simul
980 792 1030 866 ad

16 911 178 984 morbum
193 937 279 1009 quo
295 912 346 984 de
366 913 503 1012 agitur,
527 913 638 984 simul
653 912 699 984 ad
713 912 780 984 has
792 914 918 1010 Aponi
930 911 1028 984 ther·

16 1053 83 1099 uras
110 1031 332 1102 attinentia.
354 1034 428 1102 Pro
459 1026 580 1102 nobili
606 1045 781 1101 matrona
811 1030 1031 1119 consultuS,

17 1171 85 1241 qnae
101 1147 146 1218 ad
164 1149 308 1245 plures
325 1149 420 1220 alios
441 1148 598 1220 morbos
623 1148 724 1220 luem
743 1149 843 1220 hano
869 1147 1028 1254 adjunc-

17 1277 81 1332 tam
97 1265 274 1338 habebat
291 1321 303 1356 ‚
321 1283 521 1366 postquam
537 1266 607 1338 alia
628 1268 906 1365 proposuisset,
927 1281 963 1338 et
980 1264 1028 1336 ad

20 1379 85 1450 duo
96 1436 105 1468 ,
117 1408 203 1480 quae
218 1387 416 1484 praecipue
433 1385 539 1456 utilia
557 1409 637 1456 esse
654 1409 762 1483 posse
779 1383 1032 1472 videbantur,

20 1501 267 1593 pervenisset,
291 1503 494 1575 decoctum
527 1502 621 1600 ligni
651 1503 814 1600 guajaci,
844 1515 882 1572 et
912 1523 1029 1597 aquas

22 1612 270 1710 thermarum,
286 1620 462 1720 illudque
479 1619 658 1692 adversus
672 1635 709 1692 et
727 1619 852 1708 luem,
870 1634 907 1690 et
926 1643 1029 1688 mor-

23 1728 80 1803 bos
112 1735 208 1808 alios
243 1735 513 1836 profuturum,
556 1736 841 1836 respondisset;¹
877 1737 944 1810 ubi
980 1735 1028 1808 ad

24 1871 142 1944 aquas,
175 1871 216 1926 et
238 1857 494 1954 multiplicem
529 1881 659 1926 earum
686 1879 797 1952 usum
833 1853 1029 1943 bibendo,

22 1964 188 2060 lavando,
206 1989 247 2046 et
269 1975 494 2072 excipiendo
513 1999 557 2046 ex
574 1973 709 2046 altiore
735 1973 824 2043 loco
846 1957 1029 2044 stillantes
1135 1973 1140 1984 “

23 2081 222 2179 descendit,
255 2107 411 2169 caeteros
440 2093 596 2191 quidem
628 2090 810 2179 affectuS,
841 2107 1027 2164 eteorum

28 2225 138 2278 causas
154 2209 339 2308 sperare,
357 2213 504 2309 inquit,
524 2236 724 2311 possumus
748 2209 853 2308 quod
872 2214 1028 2306 sintpe-
1072 2247 1074 2252 ·

29 2324 108 2393 nitus
126 2343 389 2424 superaturae:
409 2345 594 2428 quatenus
609 2329 800 2402 autemad
811 2351 1029 2415 veneream,

32 2437 84 2506 nel
99 2442 283 2542 gallicam
311 2447 409 2520 luem
427 2454 613 2546 pertinet,
645 2446 703 2519 illi
726 2445 945 2518 crediderim
972 2443 1036 2518 uel

35 2555 132 2647 nillil,
167 2564 239 2636 vel
263 2591 408 2662 purum
445 2565 653 2636 admodum
681 2588 794 2662 posse
825 2561 1029 2659 prodesse:

37 2675 117 2764 ino,
145 2687 179 2750 si
196 2707 333 2772 verum
346 2686 468 2775 fateri
495 2681 631 2770 velim,
660 2687 762 2752 visus
791 2706 874 2752 sum
905 2681 1031 2749 obser·
1112 2679 1115 2684 ’

39 2813 145 2882 rasse,
179 2799 288 2896 quod
305 2799 399 2888 illis,
433 2805 501 2898 qui
523 2799 596 2871 iton
631 2800 761 2869 morbo
796 2797 1029 2884 detinentur,

33 2915 144 2997 potius
163 2919 311 3006 obesse,
336 2942 451 3014 quam
467 2915 652 3016 prodesse
669 2913 799 2986 solent.
823 2906 1029 3008 Enohser-

35 3027 205 3106 rationem
224 3089 235 3124 ,
257 3035 425 3108 modeste
450 3035 694 3137 propositam.
727 3031 949 3126 Consilium=
971 3053 1030 3102 se-

42 3145 173 3234 quitur:
193 3154 265 3224 sed
282 3168 324 3226 ut
347 3153 501 3226 tandem
526 3150 714 3251 quidquid
729 3157 767 3220 in
790 3151 863 3222 hac
885 3173 925 3220 re
947 3173 1030 3219 sen-

43 3262 136 3351 tiam,
155 3273 223 3343 tibi
235 3277 406 3370 aperiam
417 3299 431 3360 ,·
449 3295 519 3367 ego
543 3285 702 3367 utroque
714 3269 862 3340 auxilio
881 3282 1028 3338 uterer:

43 3389 71 3442 et
96 3391 256 3477 primum
286 3389 379 3486 ligni
411 3389 603 3462 decoctum
644 3393 854 3485 experirer,
893 3377 1031 3482 postea

43 3499 137 3570 etiam
151 3505 303 3593 uellem,
327 3511 526 3580 Patavium
550 3504 606 3576 ud
628 3505 785 3578 balneas
805 3501 909 3606 illam
930 3499 1028 3570 duci.

45 3608 91 3680 Sic
105 3615 214 3714 igitur
234 3627 311 3718 jam
328 3639 408 3695 tum
428 3649 529 3706 anno
551 3623 638 3696 1561
661 3621 827 3698 Patavini
848 3615 1032 3716 professo·
1084 3690 1086 3696 ,

52 3789 1034 3822 M

77 3909 116 3989 (ἲ)
133 3921 164 3978 C.
180 3921 231 3992 15,
250 3925 342 3997 paulo
357 3933 424 3979 ante
437 3923 487 3978 cit.

79 4007 113 4091 (a)
132 4021 162 4078 L.
180 4041 216 4095 a,
231 4023 336 4082 consil.
348 4023 454 4082 medic.
468 4023 518 4082 63.
