2700 4660
1340 351 1341 390 l

1340 397 1341 436 l

307 455 377 528 268
472 447 690 527 nascamus
715 477 760 523 ar
785 466 908 524 ctnsrs
933 473 1143 524 normann

230 623 232 634 ·
307 597 444 665 simum
460 617 500 664 'se
516 595 599 690 cogi
623 591 743 662 aiebat
755 646 764 679 ,
778 607 820 663 ut
838 590 954 662 modo
969 590 1065 680 huc,
1087 588 1206 662 modo
1219 590 1309 660 illuc

304 713 440 784 misere
458 735 496 782 se
515 723 806 807 contorqueret,
826 734 1103 806 nonnunquam
1123 722 1308 807 surgeret,

305 844 418 925 atque
449 826 669 897 ambularet.
702 827 773 897 Sed
794 826 905 898 dolor
932 819 1085 898 tenebat
1109 819 1307 924 regionem

305 940 525 1041 epioolica'm
553 943 764 1030 dexteram,
789 960 826 1037 et
845 945 1054 1041 proximam
1083 943 1208 1014 lumbi
1230 968 1307 1041 par·

227 1105 229 1114 ‚
305 1076 402 1146 teru,
423 1059 511 1132 inde
532 1059 735 1158 aliquando
755 1062 793 1129 in
823 1077 1074 1132 transversum
1101 1085 1170 1158 per
1193 1059 1306 1157 hypo·

307 1178 508 1276 gastrium,
532 1177 621 1249 alias
640 1180 678 1250 in
704 1179 898 1250 dexterum
920 1181 1034 1250 scroti
1061 1179 1181 1266 latus,
1200 1179 1307 1247 inter-

307 1283 398 1366 tluni
414 1296 452 1364 in
470 1285 732 1392 propinquum
752 1295 875 1367 femen
891 1321 929 1366 se
947 1291 1175 1386 extendens,
1192 1311 1236 1366 ut
1251 1320 1306 1364 ne·

306 1397 489 1511 phritic'ns
522 1413 641 1484 videri
678 1427 815 1512 posset.
852 1417 992 1484 Verum
1022 1439 1148 1512 neque
1192 1413 1307 1484 obno-

306 1533 388 1600 xius
404 1529 521 1601 homo
543 1521 711 1628 unquam
734 1529 859 1607 tuerat
880 1531 1005 1602 dolori
1021 1530 1259 1628 nephritico,
1278 1543 1307 1600 et

305 1647 498 1746 praesenti·,
535 1649 565 1719 'si
596 1651 783 1737 vomitus,
814 1664 851 1719 et
873 1649 1103 1746 dejectiones
1128 1650 1304 1746 excipias,

306 1766 536 1837 simillimum
551 1757 716 1863 quiante
743 1763 911 1864 quatuor
936 1767 1017 1838 'dies
1033 1769 1233 1864 ingruerat
1251 1791 1306 1836 ne-

306 1874 510 1981 phriticuni
540 1863 617 1954 non
645 1882 779 1973 fuisse,
799 1901 879 1956 tum
909 1885 1101 1982 illaquam
1124 1909 1242 1984 supra
1259 1909 1306 1954 er·

305 2002 522 2098 posuimus,
557 1999 728 2100 proxime
748 2001 963 2100 praecedens
991 2027 1121 2084 eausa,
1138 2017 1222 2072 tum
1237 2025 1305 2098 gra·

306 2105 375 2190 ves·
391 2118 437 2188 ab
458 2117 528 2190 hac
544 2122 581 2188 in
603 2121 714 2191 sociis
732 2120 866 2191 eodem
888 2135 1060 2217 tempore
1081 2116 1240 2190 effectus
1258 2140 1304 2189 sa-

304 2236 353 2307 tis
382 2235 667 2306 ostendebant:
709 2235 874 2334 denique
910 2239 1027 2307 urinae
1052 2236 1149 2306 nihil
1168 2249 1303 2307 mutata

291 2369 344 2444 *et
360 2377 538 2424 sanorum
559 2355 718 2426 omuino
737 2353 876 2426 similes
904 2355 1036 2426 contra
1055 2369 1170 2450 atque
1191 2355 1231 2424 in
1249 2376 1304 2422 ne-

308 2469 481 2568 phriticis
499 2458 645 2561 solent,
669 2497 748 2544 non
775 2473 854 2568 ejus
878 2473 1025 2570 generis
1044 2471 1220 2543 dolorem
1237 2491 1303 2541 esse

309 2586 597 2662 confirmabant.
625 2591 798 2662 Attamen
828 2597 912 2660 cum
937 2615 1061 2688 neque
1080 2595 1216 2660 eorum
1236 2609 1303 2685 que

307 2707 470 2778 exterius
484 2706 655 2778 adhiberi
663 2710 844 2804 jusseram
856 2763 865 2795 ,
877 2707 1084 2806 quidquam
1100 2707 1304 2805 prodessen

231 2849 236 2864 <
306 2839 479 2894 'enemata
500 2840 625 2909 autem
644 2841 798 2922 negaret
816 2850 912 2922 aeger
930 2850 968 2896 se
982 2849 1090 2922 posse
1104 2823 1303 2902 admittere,

309 2922 511 3038 propterea
545 2941 650 3039 quod
691 2943 806 3014 'simul
845 2939 1141 3012 haemorroidum
1172 2955 1303 3015 tumor,

309 3073 346 3147 et
374 3083 460 3129 cum
485 3074 655 3131 tenesmo
684 3041 816 3132 tantus*
838 3058 948 3130 dolor
967 3072 1198 3145 accesserat,
1219 3070 1258 3127 ut
1278 3050 1301 3121 si
1340 3151 1341 3160 ἵ

310 3173 358 3244 ab
382 3176 547 3277 immissa
571 3149 695 3248 fistula
720 3178 838 3274 magis
854 3176 1162 3262 exacerbaretur,
1177 3198 1245 3271 par
1260 3167 1301 3238 fe-
1340 3185 1341 3238 t

308 3291 430 3362 rendo
462 3317 540 3364 esse
572 3319 650 3365 non
682 3310 829 3392 posset;
858 3319 919 3365 me
948 3285 1147 3364 necessitas
1177 3307 1301 3387 urgens

281 3401 283 3408 ⁴
308 3389 472 3496 laxandi,
485 3424 521 3481 et
538 3412 743 3508 nephritici
763 3411 906 3483 doloris
923 3408 1129 3482 similitudo
1150 3407 1200 3479 ad
1213 3403 1300 3477 auxi·

311 3523 402 3596 lium
421 3527 644 3631 tentandum
666 3529 816 3628 impulit
834 3529 873 3598 in
894 3526 968 3598 hoc
995 3523 1231 3624 proficuum,
1253 3520 1300 3590 ni·

302 3643 449 3713 'mirum
466 3644 636 3740 tepidum
646 3645 841 3720 emolliens
852 3644 1044 3718 balneum.
1060 3647 1139 3714 Nec
1158 3667 1217 3712 me
1231 3657 1299 3736 spes
1340 3649 1341 3706 l

311 3756 449 3833 fefellit.
475 3763 673 3833 Vix'enim
702 3763 741 3834 in
772 3762 915 3834 ‘balneo
950 3759 1172 3832 consederat
1200 3777 1299 3854 ager,

259 3894 264 3902 ’
310 3903 396 3949 cum
412 3905 532 3978 angor
544 3882 726 3977 primum,
739 3895 775 3950 et
795 3879 908 3976 paulo
931 3893 1017 3976 post
1034 3877 1146 3948 dolor
1164 3861 1298 3948 remis'e-

309 4011 410 4070 runt.
433 3997 541 4069 Sede
562 3995 699 4070 balneo
720 4009 912 4096 egressum
929 4009 1026 4068 'cum
1054 4011 1214 4094 uterque
1230 4009 1297 4063 rur·
