2824 4652
302 405 370 511 5⁵².
464 425 752 490 armannum
777 427 901 482 causis
925 427 1135 484 nonacruu

298 554 409 622 texto.
419 543 568 616 circiter
581 567 709 618 mense
721 567 741 616 a
755 543 881 618 morbi
893 545 1019 632 initio,
1036 543 1209 624 decessit.
1224 542 1300 624 lh-

298 660 453 732 domine
474 661 612 749 inciso,
632 659 860 748 etdiducto,
886 659 985 734 nihil
1002 662 1082 738 vitii
1103 662 1146 730 in
1158 663 1300 733 ventri·

281 777 385 850 -culo
405 793 597 876 repertum
613 792 693 866 est,
711 801 834 876 neque
849 778 890 848 iu
909 775 1062 874 hepate,
1093 778 1168 852 nisi
1197 777 1300 875 quod

192 897 198 908 “
297 895 412 994 paulo
431 910 512 968 erat
530 894 706 994 pdlidius
729 919 839 993 quam
864 893 966 970 solet
997 893 1068 970 Sed
1095 895 1180 990 ejus
1210 898 1301 970 vesi·

297 1013 400 1101 cula,
416 1011 529 1110 triplo
546 1012 824 1112 propemodum
837 1010 1000 1086 naturali
1014 1011 1135 1105 major
1150 1063 1162 1098 ,
1180 1011 1299 1109 niger·

296 1130 431 1204 rimam
453 1127 568 1202 bilem
591 1128 829 1218 continebat,
855 1129 912 1204 vel
933 1129 1065 1225 ,potius
1085 1151 1302 1212 amurcam,

295 1247 336 1316 in
354 1269 428 1344 qua
439 1245 572 1318 calculi
585 1260 692 1318 erant
705 1260 792 1318 octo
810 1244 881 1317 alia
898 1243 991 1318 alius
1008 1241 1129 1342 figura
1144 1298 1156 1333 ,
1172 1265 1304 1318 omnes

297 1377 424 1434 antem
447 1385 531 1435 rara
552 1361 832 1459 magnitudine:
852 1375 986 1460 prater
1013 1385 1110 1458 quos
1144 1361 1189 1432 in
1216 1362 1302 1459 ipsis

296 1478 469 1566 vesicula
482 1477 687 1576 parietibus
702 1477 766 1550 alii
777 1475 972 1576 conspecti
989 1493 1077 1550 sunt
1089 1476 1138 1552 ad
1150 1477 1303 1566 decern,

299 1595 394 1668 milii
407 1593 828 1692 grinislraudnuajorcs.
875 1638 878 1646 ·
993 1687 996 1692 Ι

350 1715 405 1797 ad.
426 1711 574 1782 Minimi
590 1709 631 1784 hi
652 1710 786 1786 calculi
799 1709 850 1792 in,
862 1712 974 1809 cystis
993 1709 1299 1810 parietibusnui-

299 1827 510 1917 madversi,
539 1823 586 1900 ad
614 1831 692 1904 eos'.
716 1825 823 1903 facile
859 1827 1067 1906 attinebant
1103 1853 1208 1928 quos
1240 1829 1304 1904 tibi

300 1946 390 2018 alias
408 1943 461 2043 (1)
473 1946 521 2024 ,in
537 1945 637 2018 illius
655 1944 860 2044 glandulis,
882 1960 947 2018 aut
970 1959 1084 2024 certe,
1099 1946 1204 2020 inter
1217 1947 1304 2041 vejus

298 2065 448 2136 tunicas
465 2063 684 2137 memoravi.
701 2066 870 2136 Fortasse
887 2078 1012 2136 antem
1032 2062 1150 2161 paulo
1171 2064 1303 2140 iisma

297 2181 399 2276 jures
411 2203 480 2278 per
489 2181 690 2276 cynicum,
702 2195 739 2252 et
755 2185 996 2264 communem
1011 2179 1151 2262 ductus
1163 2181 1301 2266 exitum

301 2295 521 2385 molientes,
540 2295 638 2376 atob
651 2298 871 2395 parvitatem
892 2297 1049 2377 minime
1061 2297 1102 2368 in
1117 2296 1195 2370 alvi
1211 2294 1301 2368 laeci·

296 2411 371 2484 bus
395 2413 666 2500 animadversi,
690 2415 879 2487 cruciatus
899 2413 986 2488 illos
1018 2414 1242 2499 ventriculi,
1266 2427 1300 2483 et

296 2529 461 2602 vomitus
476 2527 649 2617 ciebant3
665 2554 750 2604 cum
762 2531 913 2611 maximi
924 2529 981 2614 illi
991 2543 1079 2602 octo
1088 2531 1129 2602 in
1140 2530 1300 2602 vesicula

296 2645 349 2718 ob
364 2628 664 2760 magnitudinem.
675 2647 935 2744 quiescentes,
954 2647 1101 2718 nullum
1122 2647 1184 2720 sui
1204 2645 1306 2736 indi.

295 2768 396 2838 cium
411 2763 549 2836 darent
563 2789 611 2836 ne
626 2763 807 2862 ponderis
822 2763 975 2864 quidem
986 2787 1117 2852 sensu3
1133 2789 1184 2835 an
1195 2763 1297 2862 quod
1399 2753 1402 2770 '

293 2881 339 2952 iis
355 2905 437 2978 quae
456 2881 634 2978 paulatim
655 2895 858 2978 augentur,
882 2881 1168 2964 assuescamus?
1185 2881 1298 2966 Vides

293 2993 355 3066 hic
373 3020 528 3092 quoque
551 2996 691 3068 nullam
708 2995 764 3080 ,de
784 2997 913 3073 ‹ictcro
933 2997 1169 3080 mentionem
1201 2995 1293 3070 lieri.

292 3114 401 3184 Certe
418 3127 542 3184 autem
564 3114 620 3184 vir
648 3113 905 3194 nobilissimus
935 3136 1007 3213 pro
1031 3138 1110 3214 quo
1135 3139 1220 3188 non
1240 3117 1293 3199 ¹ita

290 3225 437 3326 pridem
454 3252 522 3325 per
530 3227 671 3304 litteras
692 3231 886 3304 consultus
897 3255 1001 3321 sum,
1018 3231 1080 3302 rix
1089 3248 1291 3332 postquam

290 3343 356 3420 diu
375 3359 505 3417 noctes
522 3349 866 3432 omnesinsomnes
891 3347 1049 3423 duxerat
1079 3347 1294 3447 obgravls·

289 3464 425 3538 simum
455 3461 503 3534 ad
528 3465 722 3562 regionem
744 3466 873 3564 pylori,
893 3465 1162 3564 corripientem
1184 3459 1293 3560 dolo-

286 3602 384 3670 rem,
401 3593 439 3652 et
456 3596 659 3680 perpetuos
670 3583 847 3656 vomendi
860 3583 1102 3674 conatus,vix
1113 3636 1124 3672 ,
1134 3583 1287 3681 inquam

241 3785 242 3790 ’
284 3795 342 3814 n·-

319 3953 365 4033 (1)
384 3957 479 4033 Epist.
496 3955 602 4032 ΒΜ.
617 3975 655 4020 ar
672 3905 763 4038 etro.
847 4011 850 4016 .

1397 1833 1398 1920 l
