2782 4652
95 422 967 519 munumuunnnrsaumu.surrutonmrrsrmx.
996 445 1064 548 397

119 585 153 670 Zp.
170 579 382 680 Agricolam
398 571 446 649 in'
458 577 557 652 idem
573 578 780 652 intulerant
791 587 1068 677 nosocomium,

69 725 157 772 cum
170 699 225 771 ibi
239 698 415 770 docerem
427 695 581 770 ineunte
597 721 698 768 anno
715 698 820 795 1748,
830 700 951 773 media
963 717 1067 776 aetate
1096 745 1099 748 ·

68 817 291 906 hominem,
316 812 591 912 subpinguem,
617 815 832 913 apoplexia,
851 841 933 916 quae
958 823 1067 894 tertia
1121 837 1123 842 '

66 932 379 1022 essedicebatur,
397 929 486 1004 lorti
500 929 595 1002 adeo
613 943 852 1029 correptum,
868 950 941 1012 ute
952 939 1010 1009 via
1026 941 1066 1010 in
1120 958 1122 964 ’

66 1075 143 1150 qna
159 1050 359 1138 ceciderat,
374 1047 422 1121 ab
442 1051 664 1121 nosocomio
686 1060 765 1122 non
784 1051 1002 1145 ita'dissita,
1024 1057 1067 1128 in
1119 1093 1120 1098 ,

67 1169 146 1240 hoc
166 1169 340 1266 protinus
370 1179 572 1266 exceptus,
599 1169 677 1264 jam
702 1183 881 1260 stertens,
908 1185 1065 1270 totoque

64 1301 231 1386 corpore
246 1285 451 1371 resolutus,
482 1297 525 1357 ut
552 1284 701 1357 nullum
728 1310 889 1386 usquam
915 1313 1066 1382 sensus,

64 1419 133 1475 aut
145 1419 274 1476 motus
303 1401 485 1476 indicium
515 1401 640 1493 daret,
665 1394 835 1501 p'ulsibus
861 1415 986 1478 autem
1012 1410 1065 1481 sic
1108 1459 1111 1464 -

64 1517 250 1609 exilibus,
268 1533 310 1591 ut
337 1519 485 1590 mittere
516 1519 740 1618 sanguinem
767 1545 845 1594 non
868 1523 943 1596 siut
965 1527 1064 1616 ausi,
1118 1535 1120 1542 ’

62 1631 167 1708 intra
196 1641 339 1732 septem
367 1659 415 1706 au
439 1648 526 1706 octo
550 1633 664 1708 horas
694 1635 887 1709 interierit.
922 1639 1064 1730 Quarto

63 1768 156 1852 post
170 1752 230 1825 die
250 1752 327 1824 haec
339 1751 432 1822 mihi
449 1751 576 1824 omnia
592 1767 743 1824 narrata
759 1768 864 1841 sunt,
877 1754 1064 1856 simulque

64 1869 227 1943 cadaver
249 1868 297 1956 ad
317 1868 582 1941 dissectiouem
609 1868 786 1941 oblatum.
811 1871 924 1964 Quod
941 1876 1064 1970 prius-

62 2008 183 2085 quam
194 1987 435 2084 attingerem',
451 1982 588 2057 frustra
604 1987 767 2084 quesivi,
784 2005 863 2085 quo
873 2003 1062 2089 tempore,

62 2105 208 2202 quibus
227 2102 524 2202 praecedentibus
544 2105 685 2193 causis,
716 2095 780 2176 aut
799 2107 1065 2184 comitantibus

63 2221 204 2320 signis,
218 2236 279 2292 aut
297 2221 435 2292 relictis
455 2220 563 2293 noxis
578 2219 664 2292 duae·
675 2220 745 2298 illae
758 2245 840 2321 quae
855 2228 1064 2324 prae'gressae

62 2339 311 2428 dicebantur,
332 2335 489 2411 fuissent
514 2338 742 2437 apoplexiae3
773 2339 995 2415 nihil-enim
1015 2343 1064 2418 de

61 2456 157 2545 illis,
171 2471 235 2528 aut
251 2454 297 2528 de
318 2455 388 2526 hac
407 2454 539 2527 ultima
554 2470 690 2553 praeter
706 2481 755 2529 ea·
772 2482 853 2556 quae
871 2457 964 2548 dixi,
983 2485 1063 2534 res·

62 2574 145 2646 cire
166 2574 282 2671 potui.
307 2577 480 2644 Attamen
508 2597 594 2644 cum
618 2597 705 2644 vasa
729 2574 828 2645 circa
854 2589 966 2674 caput
986 2591 1064 2649 tur·

62 2691 153 2789 gida
173 2690 447 2788 conspicerem,
469 2705 507 2762 et
522 2690 562 2759 iu
582 2689 788 2787 subpingui
808 2715 967 2795 corpore
987 2709 1064 2766 tam

62 2807 270 2880 violentam
303 2807 537 2905 apoplexiam
560 2803 673 2877 fuisse
696 2805 888 2897 audirem3
915 2807 1064 2882 confer-¹

63 2926 216 2998 tissimae
244 2925 498 2997 studiosorum
526 2947 676 2996 coronae
697 2922 821 2996 dicere
846 2949 925 2997 non
952 2926 1066 3000 dubi-

63 3042 162 3130 tavi,
178 3042 315 3112 mirum
334 3038 430 3127 fore,
460 3041 494 3112 si·
513 3063 535 3111 a
551 3041 732 3138 sanguiue
742 3038 843 3112 illam
859 3038 971 3116 fuisse
985 3070 1065 3120 uon

65 3157 319 3231 ostenderem.
345 3155 510 3230 Calvaria
526 3157 642 3256 igitur
666 3157 855 3230 continuo·
870 3160 1066 3260 adaperta,

64 3301 158 3349 cum
181 3274 220 3347 id
242 3273 364 3364 fieret,
390 3274 588 3373 multoque
610 3275 728 3373 magis
754 3269 841 3348 curu
866 3278 1066 3351 cerebrum

66 3396 315 3482 eximeretur,
367 3393 474 3490 niger
511 3416 590 3463 nou
630 3417 773 3490 paucus
807 3397 956 3492 sanguis
1003 3396 1066 3469 de·

65 3510 201 3598 fluxit;
220 3510 371 3581 evidens
394 3524 518 3581 autem
550 3523 649 3598 erat,
682 3511 792 3584 etiam
819 3535 864 3583 ex
897 3509 1066 3584 infundi-

65 3628 163 3700 bulo
195 3625 303 3700 e'xire.
337 3625 532 3722 Ejusmodi
563 3628 710 3725 sanguis
734 3651 813 3698 uon
837 3629 952 3700 modo
980 3653 1097 3706 vasaq

69 3741 199 3812 omnia
227 3737 456 3812 distenderat
475 3763 558 3835 quae
578 3763 646 3838 per
662 3754 814 3812 tenuem
830 3743 1066 3844 meningem,

69 3855 270 3930 cerebrum
289 3873 329 3928 et·
344 3855 571 3928 cerebellum
600 3859 912 3942 convestieutem,
942 3856 1071 3931 ferun·

69 3990 151 4064 tur,
167 3975 425 4047 verumetiam
441 3971 602 4047 sub-hac
613 3973 654 4044 iu
672 3973 797 4047 medio
816 3972 1070 4074 hemispherii
