2746 4662
255 431 321 504 182
414 453 462 500 nr
487 449 633 501 snnrnns
656 451 701 498 rr
726 449 850 519 causrs
874 413 1086 500 nonnonuu

254 569 376 668 guinis
400 582 544 638 motum
579 563 738 637 subinde
767 565 1056 655 remorandum,
1089 565 1189 639 unde
1219 582 1258 640 et
1357 645 1358 664 ,

253 687 436 785 deliquia,
456 701 492 755 et
508 685 734 774 novissimus
750 683 813 753 ille
826 683 1004 770 insultus,
1023 699 1059 755 et
1074 685 1256 783 pulsuum
1357 711 1358 726 ¹

252 801 479 875 intermissio
506 799 728 897 repetenda,
757 785 962 898 prasertim
987 825 1073 872 cum
1097 799 1258 871 infirmae
1357 821 1358 826 ’

253 935 376 992 essent
394 916 518 988 cordis
532 919 649 1004 vires,
672 933 714 988 ut
733 917 913 1016 pulsuum
934 917 1172 990 imbecillitas
1193 926 1260 991 os-

251 1035 451 1124 tendebat,
471 1059 541 1105 nec
562 1037 641 1106 sine
662 1060 791 1123 causa,
822 1037 964 1134 quippe
994 1061 1081 1108 cum
1111 1036 1183 1106 illae
1209 1035 1259 1106 ab

255 1153 440 1252 ejusmodi
461 1143 618 1225 cerebro
636 1155 852 1224 conservari
875 1178 956 1224 non
982 1167 1146 1252 possent.
1176 1157 1261 1224 Huc

251 1271 346 1344 illud
363 1270 580 1360 accedebat,
600 1271 705 1370 quod
725 1296 811 1342 cum
829 1271 1067 1344 imbecillum
1088 1296 1173 1360 cor,
1190 1271 1263 1342 du·

252 1415 380 1486 raeque
397 1389 539 1460 arteriae
551 1388 610 1459 vel
624 1389 788 1486 optimo,
808 1404 845 1461 et
858 1387 986 1460 vivido
1002 1389 1177 1488 sanguini
1188 1389 1264 1462 cir·
1357 1451 1358 1474 ,

256 1495 490 1604 cumag'endo
519 1507 675 1576 minime
705 1530 773 1604 par
802 1505 921 1575 robur
951 1504 1159 1595 haberent3
1183 1521 1264 1578 erat

255 1626 329 1697 illis
349 1623 662 1722 circumagendas
678 1621 810 1694 effetus
826 1624 991 1720 sanguis,
1018 1639 1054 1694 et
1070 1625 1264 1721 impurus,
1357 1631 1358 1670 ³

257 1742 408 1842 qualem
433 1743 535 1814 hunc
560 1740 673 1814 fuisse
694 1755 1018 1830 commonstrant,
1049 1757 1186 1838 praeter
1206 1744 1264 1812 vi·
1357 1823 1358 1840 ᾖ

254 1876 331 1932 tam
355 1862 556 1933 novissime
582 1861 663 1932 sine
689 1859 858 1958 cor'poris
889 1859 1051 1957 agitante
1077 1861 1258 1931 exercita·
1357 1843 1358 1856 ¹

255 1981 359 2050 tione
382 1979 553 2065 ductam,
579 1993 635 2049 tot
659 1977 721 2048 illa
747 1965 839 2075 quae
860 1992 994 2074 praeter
1016 1991 1193 2048 naturam
1222 1978 1262 2047 in

254 2113 386 2168 ventre
405 2095 751 2194 deprehenderunt.
773 2099 867 2166 Nam
887 2085 1053 2191 primum
1069 2095 1260 2165 ventricu·
1357 2080 1358 2118 ³

253 2214 314 2284 lus
334 2213 427 2282 adeo
445 2213 565 2297 laxus,
581 2213 794 2308 tunicisque
810 2211 903 2283 adeo
918 2210 1124 2282 extenuatis
1140 2210 1261 2310 probe

255 2327 445 2400 conficere
459 2328 634 2399 alimenta
654 2355 733 2398 non
747 2337 904 2429 poterat.
928 2333 1021 2399 Tum
1037 2327 1175 2399 deinde
1192 2351 1262 2400 nec
1357 2316 1358 2320 ¹

255 2447 432 2518 intestina
468 2461 642 2544 poterant
681 2445 835 2544 chylum
870 2443 1072 2544 perficere,
1102 2447 1143 2516 in
1179 2471 1262 2544 quae

254 2565 361 2636 nulla
374 2565 451 2660 jam
462 2562 548 2634 bilis
563 2589 582 2634 e
600 2565 693 2661 cysti
706 2563 899 2650 influeret,
919 2578 1120 2661 atempore
1132 2569 1263 2636 autem

255 2681 372 2780 longo
390 2707 461 2752 nec
476 2679 598 2770 bona,
625 2697 662 2752 et
688 2707 808 2780 pauca
834 2681 1061 2766 influxisset,
1095 2705 1262 2778 quorum

256 2799 349 2870 illud
381 2825 460 2869 non
491 2823 629 2897 parvus
656 2797 787 2870 felleus
815 2798 1001 2885 calculus,
1027 2795 1103 2868 hoc
1135 2815 1262 2870 autem

256 2917 367 3011 cystis
386 2918 567 3012 parvitas,
590 2931 626 2986 et
643 2915 820 2986 diuturna
838 2916 910 2985 alvi
927 2914 1120 2996 adstrictio
1150 2914 1262 3013 signi·

255 3029 384 3102 ficant:
405 3058 487 3130 quae
515 3035 596 3130 ipsa
624 3032 817 3104 adstrictio
848 3033 1089 3130 repurgando
1125 3031 1190 3102 illa
1219 3056 1263 3104 ex

255 3164 362 3248 parte
403 3151 575 3248 sanguini
609 3140 722 3248 quam
755 3135 1034 3239 adversaretur,
1068 3149 1262 3248 intelligis

256 3268 430 3362 Denique
458 3269 655 3365 purgatio,
682 3293 759 3365 qua
789 3269 819 3340 si
840 3251 959 3356 uihu,
982 3268 1132 3366 sanguis
1161 3283 1261 3340 certe

256 3383 443 3478 ejusmodi
468 3385 628 3457 maxime
662 3385 878 3483 indigebat,
913 3411 997 3457 cnm
1032 3401 1260 3482 percutem

255 3501 513 3599 potissimum,
528 3517 565 3572 et
585 3528 653 3600 per
681 3527 791 3573 renes
816 3501 903 3592 fiat;
932 3528 1000 3601 per
1033 3517 1156 3572 cutem
1178 3493 1262 3588 hi'c,

256 3618 473 3714 quiescente
487 3644 669 3716 corpore,
692 3621 814 3690 minus
831 3615 966 3708 fiebat3
985 3643 1054 3716 per
1072 3641 1183 3689 renes
1199 3642 1261 3688 au-

255 3747 331 3804 tem
351 3750 521 3829 gravatos
538 3735 650 3820 adeo,
668 3751 704 3806 et
721 3761 764 3808 ex
785 3735 1078 3833 parte.callosos
1099 3735 1185 3830 quis
1204 3757 1261 3806 sa-

178 3887 182 3892 ·
256 3847 305 3920 tis
333 3848 431 3922 bene
454 3875 534 3924 esse
557 3849 690 3922 saetam
721 3853 855 3950 putet?
875 3857 953 3926 Nec
974 3877 1035 3924 me
1059 3848 1173 3949 fugit,
1196 3849 1260 3948 qui
