2824 4652
93 487 162 540 ur.
171 489 204 538 r.
213 489 259 536 nn
268 482 584 538 mnrrnrsrnrrr.
594 486 903 540 summumne.
911 489 991 544 uxr.
1020 463 1092 566 549

90 599 338 700 substantiam
365 597 607 692 abrasissem3
638 599 736 672 nihil
771 625 965 702 superesse
989 601 1092 678 aliud

77 705 134 792 ¹in
155 713 372 792 membruna
393 716 489 806 vidi,
508 741 621 817 quam
636 731 789 808 tenuem
803 734 842 792 et
859 719 921 794 hic
934 717 1013 794 illic
1026 720 1094 794 de·

88 833 280 910 finientem
301 861 345 912 ex
365 831 560 908 manifesta
589 835 743 908 materia
771 839 1096 932 tartareaincrus-

89 955 285 1043 tationem.
303 957 433 1052 Itaque
449 977 528 1024 non
541 977 601 1026 me
617 953 796 1054 poenituit
815 968 983 1030 tartaree
996 977 1093 1056 quo·

90 1097 168 1170 que
191 1071 352 1144 mareri-m
370 1071 494 1144 locum
510 1073 558 1144 sin
583 1070 645 1164 ille
664 1067 826 1149 XXXVI'
838 1072 996 1172 epistola
1012 1073 1096 1154 reli·

90 1189 246 1286 quisse,
270 1203 312 1262 ut
332 1212 458 1287 neque
472 1213 520 1263 ex
538 1211 705 1262 convexa
725 1189 835 1262 lienis
850 1187 956 1264 ‘facie
980 1189 1093 1264 indu·

87 1307 278 1378 rationem
314 1303 391 1378 fere
419 1307 587 1406 incipere
610 1306 779 1403 dixisse,
822 1307 999 1408 indeque·
1018 1307 1093 1386 aiio

90 1447 134 1496 se
162 1422 373 1498 extendere.
407 1426 514 1508 Nam,
539 1425 749 1524 proximam
782 1421 962 1500 induratae
995 1425 1094 1528 parti

90 1538 354 1632 membranam
373 1563 462 1616 cum
480 1539 739 1632 detraherem,
759 1566 839 1614 non
868 1545 987 1642 ipsam
1008 1544 1095 1644 qui-

90 1659 182 1734 dem
195 1659 245 1731 ita
264 1657 418 1746 duram,
442 1657 509 1734 sed
527 1658 685 1756 rigidam
710 1673 838 1734 tamen
865 1661 943 1758 jam
959 1659 1093 1734 factam

90 1776 213 1865 sensi,
235 1791 272 1849 ct
285 1773 364 1848 haec
377 1777 508 1848 omnia
525 1771 567 1846 in
586 1800 629 1848 ea
646 1777 786 1875 splenis
804 1774 896 1852 fecie
917 1777 994 1850 vidi
1011 1804 1095 1878 qum

89 1891 649 1992 diaphrngrnacontingebat.1d
659 1907 785 1968 autem
797 1919 890 1968 num
901 1909 1002 1968 recte
1012 1919 1096 1968 con·

83 2011 247 2109 jecerim
279 2011 429 2082 alternre
470 2009 588 2106 ¹hujus
620 2011 780 2088 musculi
824 2009 1098 2112 compressioni

90 2151 206 2230 posse
224 2126 362 2216 tribui,
377 2149 655 2226 nonnunquam
665 2142 795 2228 postea
803 2127 993 2220 dubitavi,
1008 2151 1098 2202 cum

91 2245 229 2322 faciem
247 2243 350 2320 illam
368 2246 565 2344 jecinoris,
586 2271 669 2346 quae
691 2245 815 2323 eidem
834 2262 890 2322 est
905 2269 1098 2347 compresd
1221 2270 1223 2276 ’

13 2395 14 2402 “
92 2362 379 2453 sioniobnoxia,
394 2389 472 2436 non
491 2363 681 2456 eamdem,
699 2365 771 2438 nisi
784 2363 1098 2460 fortererissittte,

93 2480 377 2572 indurationem
411 2481 637 2556 contrahere
686 2481 955 2590 animadverti„
987 2485 1100 2556 Nunc
1221 2545 1223 2550 .

14 2613 15 2638 *
71 2612 74 2622 ¹
96 2597 330 2696 singularem
350 2597 454 2670 illam
464 2599 666 2672 ventriculi
682 2597 984 2673 observationem
1001 2597 1102 2701 jugi·

14 2719 15 2724 ’
95 2729 178 2802 ter,
196 2737 266 2819 neo
280 2714 361 2796 sine
371 2713 540 2787 molestia
553 2769 564 2804 ,
577 2718 757 2790 tumentis
767 2741 812 2793 ex
826 2716 1102 2790 celivirolnieu·

14 2831 16 2874 ἵ
95 2827 500 2928 nudio(1)indtcabo.
518 2835 575 2904 De
593 2832 753 2912 molesto
770 2835 813 2906 in
836 2835 992 2933 regione
1011 2855 1102 2906 ven·

96 2945 246 3037 triculi,
265 2971 347 3046 quae
363 2971 512 3047 semper
529 2947 662 3022 elatior
674 2965 777 3040 erut,
806 2970 923 3026 sensu
939 2949 1103 3050 plenitu-

51 3153 59 3167 .,
98 3063 219 3152 dinis,
246 3077 311 3136 aut
334 3064 514 3162 ponderis
540 3087 639 3166 aeger
662 3066 896 3142 cachecticus
924 3070 1106 3168 primum,
1229 3051 1232 3058 ⁴

100 3177 238 3262 deinde
250 3178 483 3280 hydropicus
495 3181 745 3280 querebatur,
765 3200 802 3258 et
816 3183 1104 3282 de‘quibusdam

102 3298 202 3370 circa
229 3321 311 3372 eam
337 3301 531 3398 regionem
556 3302 713 3374 minime
742 3303 860 3374 acutis
895 3299 1102 3374 doloribus.

101 3412 237 3488 Libera
254 3427 334 3488 erat
348 3415 545 3516 deglutitio
558 3472 568 3508 ,
581 3417 647 3496 sed
654 3409 832 3498 adstricta
842 3417 962 3506 alvus,
974 3431 1016 3488 ut
1026 3441 1106 3490 non
1157 3421 1174 3456 ’·

104 3533 178 3606 nisi
192 3531 375 3631 datisque
389 3536 531 3608 cierent
542 3533 808 3634 ,responderet
823 3557 1012 3631 unquam,
1029 3533 1107 3604 imo

103 3650 165 3738 vel
183 3665 274 3733 tunc
291 3650 431 3730 leviter.
451 3649 640 3726 Vomendi
658 3665 737 3756 erat
758 3647 964 3750 cupiditas:
987 3652 1108 3720 vomi-

146 3985 193 4066 ξι)
212 3985 301 4050 Mem.
320 3986 478 4046 del'Aced.
493 4003 557 4063 roy.
574 3987 626 4053 des
643 3987 708 4059 Sc,
729 4003 779 4042 an.
794 3979 881 4054 17⁵²·
