2782 4652
281 398 351 482 442
453 419 499 465 us
524 413 670 486 sturnus
694 419 738 466 ur
763 417 887 472 censis
912 417 1126 469 noauoann

213 551 217 557 ’
284 529 408 604 chium
421 555 549 604 versus
560 545 690 630 pectus
713 537 853 604 movere·
861 537 983 620 sensit.
999 539 1043 604 In
1061 535 1147 606 viro
1166 549 1293 620 eutem

286 649 354 744 qui
372 672 470 720 unus
489 648 535 720 dc
563 649 706 736 tribus,
732 647 779 721 ab
811 650 945 724 eodem
969 657 1072 724 cane
1089 651 1291 739 demorsis,
1384 693 1385 728 t

285 781 487 864 postquam
507 767 584 838 duo
599 766 649 838 ob
664 791 745 839 eom
759 791 907 838 causam
914 767 1110 858 obierant,
1128 785 1293 868 quatuor

289 885 439 956 circiter
458 909 578 960 annos
592 881 682 954 vixit
697 909 743 954 ex
760 884 936 974 vulnere,
956 888 1017 957 cui
1045 883 1193 959 ferrum
1212 911 1294 958 can·

288 999 382 1074 dens
415 1001 658 1098 impressum,
680 999 800 1074 suerat
835 1004 1041 1098 quotannis
1050 1029 1062 1091 ;
1096 1028 1295 1101 nunquam

288 1119 388 1190 enim
408 1117 454 1190 ad
476 1120 686 1190 cicatricem
700 1135 940 1217 pervenerat,
965 1119 1125 1190 multum
1148 1123 1296 1220 sangui·

288 1235 348 1308 nis
366 1233 491 1307 exibat
505 1259 574 1333 per
591 1233 684 1306 illud
703 1249 852 1334 tempus
873 1259 951 1334 quo
968 1261 1118 1308 morsus
1132 1238 1296 1310 inflictus

288 1349 429 1439 fuerat,
443 1375 557 1448 usque
575 1351 719 1424 damin
743 1354 863 1442 tibia,
893 1356 958 1446 ubst
972 1353 1112 1426 vulnus
1133 1361 1298 1452 contige-
1388 1429 1389 1442 χ

255 1555 259 1568 ⁸
289 1484 369 1555 rat,
388 1493 489 1542 vena
506 1467 757 1561 dc'rsectafuit.
777 1474 822 1540 Et
840 1469 995 1567 quando
1005 1471 1082 1566 jam
1095 1469 1144 1542 de
1160 1471 1298 1543 rabido
1386 1563 1387 1568 Ἰ

287 1613 441 1686 quoque
464 1611 556 1658 cane
577 1587 809 1660 mentionem
843 1585 1023 1677 fecimus,
1050 1603 1190 1686 praeter
1213 1589 1299 1660 alias

287 1705 569 1804 observationes
583 1705 659 1778 huc
677 1705 1118 1804 attinenteS,legasvelim
1126 1705 1297 1803 quemad
1386 1735 1389 1790 t

289 1811 490 1899 Hiidanum
508 1823 562 1920 (r)
578 1824 736 1895 Roscius
751 1824 910 1920 scripsit.
931 1823 1109 1912 Videbis,
1127 1839 1251 1922 quot,
1265 1839 1298 1894 et
1388 1807 1389 1814 ἵ

290 1961 404 2039 quam
422 1942 566 2040 gravia,
597 1941 671 2012 nisi
699 1940 811 2040 quod¹
833 1965 940 2038 aquae
973 1943 1079 2038 potio
1097 1965 1299 2039 nunquam

289 2075 457 2142 recusata
476 2075 548 2146 est,
573 2075 746 2140 matrona
773 2060 971 2156 pertulerit
996 2073 1084 2157 post
1102 2059 1297 2132 acerbissi-

182 2167 208 2272 χ’
290 2202 396 2250 1num
412 2175 559 2248 brachii
573 2168 766 2262 dolorem,
780 2175 884 2274 quod
905 2177 1066 2276 septimo
1087 2191 1176 2248 ante
1197 2201 1296 2246 anno

289 2293 462 2384 rabiosus
478 2295 580 2366 canis
592 2294 866 2383 momorderat,
885 2295 1053 2391 itemque
1069 2309 1158 2392 post
1178 2317 1296 2365 anuos

292 2411 449 2484 totidem
478 2411 665 2510 principio
701 2412 888 2482 malorum
924 2435 1074 2510 semper
1098 2409 1229 2484 ducto·
1251 2410 1297 2482 ab
1386 2421 1387 2426 ’

293 2528 429 2600 eodem
452 2514 631 2617 brachio,
656 2544 692 2604 et
716 2517 854 2600 deinde
876 2529 1074 2624 interjecto
1095 2529 1297 2614 sexennio,

293 2663 374 2720 tum
391 2671 492 2718 auno
510 2633 691 2718 duntaxat
703 2671 799 2750 nno,
811 2648 1033 2743 insequente
1055 2657 1182 2716 autem
1200 2669 1297 2718 anno

293 2765 353 2838 bis
366 2781 403 2836 et
413 2781 471 2837 ter
489 2765 662 2864 proximo
682 2765 734 2836 sic
754 2777 879 2836 tamen
891 2816 902 2848 ‚
915 2778 958 2835 ut
981 2785 1060 2861 quo
1084 2762 1295 2850 crehiores,

266 2935 269 2940 ,
294 2909 340 2956 co
366 2882 558 2956 breviores
588 2897 712 2955 essent
735 2874 910 2956 'insultus'
942 2885 1105 2952 Fuerant
1124 2896 1223 2978 pest
1241 2901 1295 2952 ac·

293 3017 444 3099 ceptum
458 3025 625 3074 morsum
638 3000 773 3083 auxilia
787 3001 896 3098 plura
904 2996 1101 3072 confestim
1112 2997 1295 3085 adhibito

295 3118 361 3192 sed
385 3117 572 3216 posthaec
597 3117 735 3194 vulnus
756 3117 803 3190 ad
821 3118 1031 3190 cicatricem
1058 3115 1292 3214 perductum.

247 3252 251 3260 '
293 3237 384 3326 Quae
407 3259 468 3306 res
491 3231 577 3306 cuni
603 3236 700 3306 male
723 3235 876 3308 cesserit
908 3235 1054 3307 feminae
1076 3255 1233 3332 quoque
1254 3255 1293 3304 ex

293 3353 555 3424 Scaramuccio
572 3368 889 3440 commemorate,
901 3366 1032 3424 contra
1050 3365 1177 3422 autem
1193 3325 1293 3420 ialde

296 3467 482 3569 profuerit
514 3471 614 3556 viro,
648 3471 695 3542 de
730 3493 807 3567 quo
845 3495 890 3540 ex
920 3469 1004 3566 'ejus
1037 3467 1293 3541 observatione

297 3587 440 3659 dictum
479 3599 534 3658 est
559 3610 755 3684 nunqnam
788 3585 925 3660 vulnus
961 3585 1165 3674 coaluisse3
1195 3582 1293 3656 facilc

336 3963 382 4041 (ι)
401 3965 487 4021 Cent.
508 3983 539 4035 1,
556 3964 622 4020 obs.
635 3957 709 4019 chir.
723 3962 771 4020 86.
