2836 4648
244 485 248 503 ·
285 459 356 532 682
451 482 498 528 nn
523 478 670 528 snotrus
694 477 740 526 er
764 475 889 525 csosrs
913 471 1124 526 nonnosum

274 593 407 672 'viscus
425 594 465 668 id
481 595 645 692 vigeret,
663 593 850 690 ingestam
866 589 1037 681 assidue,
1055 605 1092 664 et
1111 587 1271 689 digestam

283 741 364 790 non
385 713 465 786 vini
494 711 635 800 solum,
664 708 731 786 sed
759 724 796 782 et
817 708 1013 797 ciborum,
1038 707 1142 782 haud
1167 709 1271 782 satist

282 831 482 935 perpaucis
498 829 677 904 dentibus
696 827 960 919 subactorum,
988 839 1131 900 tantam
1145 829 1272 925 copiam

282 949 511 1038 ostendisse,
532 947 655 1022 donec
681 959 768 1045 post
783 943 940 1020 “febrem
968 945 1072 1018 illam
1091 945 1272 1022 tertianam

282 1070 510 1146 vomitiones
528 1067 693 1166 primum
720 1087 923 1138 accessere.
954 1065 1051 1138 Nam
1067 1062 1175 1161 qnod
1191 1063 1274 1160 ejus·

282 1187 388 1260 modi
413 1183 564 1262 vivendi
584 1205 719 1254 norma
739 1181 918 1280 pylorum
938 1179 1127 1280 denique,
1146 1197 1183 1254 et
1203 1205 1277 1279 pro

281 1306 422 1379 rimam
432 1299 632 1376 ventriculi
645 1313 793 1399 partem
805 1298 857 1374 ita
870 1299 1081 1396 sitierunt,
1099 1313 1143 1372 ut
1158 1298 1276 1372 inverti

284 1422 412 1522 potius
425 1418 784 1506 ventriculimotus,
802 1441 917 1515 quam
928 1399 1279 1517 compelli'alimenta

284 1543 326 1612 iu
343 1535 564 1614 duodenum
572 1535 796 1612 intestinum
813 1532 1226 1626 debuerint,veriadeo
1241 1535 1278 1606 si·

286 1655 377 1730 mile
391 1671 468 1745 est,
484 1669 528 1728 ut
547 1653 595 1728 ab
610 1653 674 1728 illa
689 1654 843 1728 visceris
852 1653 940 1734 sede
955 1679 1082 1752 neque
1100 1669 1145 1726 ut
1163 1673 1279 1751 conge·

282 1775 378 1864 nita,
395 1797 524 1872 nequo
536 1787 580 1848 ut
596 1796 695 1844 nova
717 1769 910 1848 deducere
931 1772 1099 1844 vomitus
1118 1795 1214 1870 opus
1227 1770 1278 1856 sit,

283 1892 352 1989 qui
372 1892 402 1964 si
421 1916 443 1965 a
461 1890 663 1990 congenita
687 1913 838 1987 semper
860 1887 1043 1978 fuissent;
1062 1889 1094 1964 si
1112 1887 1160 1962 ab
1178 1911 1278 1974 nora,

283 2033 364 2082 non
382 2010 463 2082 sine
482 2006 598 2104 hujus
614 2006 1279 2083 reoentismutat-ionisindioiisacces

283 2128 428 2200 sissent.
444 2123 516 2198 Sed
533 2121 701 2202 scribere
720 2139 872 2223 praestat
889 2149 972 2226 qum
987 2124 1030 2198 in
1049 2125 1163 2198 tertio
1185 2122 1277 2198 ceda-

282 2268 370 2316 rere
383 2242 653 2324 adnotaverint.

334 2387 367 2459 7.
385 2363 565 2435 Lanarius
582 2360 752 2457 juvenis,
764 2458 766 2463 ,
779 2373 844 2434 aut
862 2372 963 2434 certe
981 2385 1063 2436 non
1078 2363 1200 2438 multo
1214 2383 1277 2440 mt-

278 2482 360 2578 jor,
374 2504 464 2554 cum
480 2480 520 2551 in
535 2478 760 2561 nosocomio
775 2477 967 2569 triduum,
983 2505 1033 2554 an
1046 2475 1277 2580 quatriduum
1377 2511 1378 2530 r

284 2597 545 2686 decubuisset,
571 2597 735 2672 instante
751 2596 830 2693 jem
846 2611 1020 2697 temporo
1042 2625 1125 2697 quo
1141 2597 1278 2700 publico

283 2729 559 2802 anatomeorat
577 2713 816 2804 inchoanda,
840 2740 945 2791 annu
954 2716 1164 2816 hoor760,
1182 2716 1277 2792 trita

283 2833 505 2908 decesserat.
535 2837 669 2932 Itaque
695 2833 736 2907 in
755 2821 945 2912 theatrum.
969 2834 1276 2912 erraverimus

282 2966 356 3040 est;
372 2950 475 3050 quod
489 2952 557 3050 qui
566 2967 801 3051 aspexerant,
815 2967 952 3054 praeter
966 2969 1149 3034 staturam
1168 2953 1278 3062 potius

280 3073 473 3166 magnam,
489 3095 534 3148 ex
545 3069 664 3146 nitida
675 3084 782 3161 cute,
795 3085 833 3150 et
848 3069 971 3163 bono,
989 3088 1033 3150 ut
1044 3070 1219 3173 nudique
1231 3069 1276 3144 ri

281 3185 463 3276 debetur,
483 3186 616 3261 habitu
635 3187 682 3263 ad
700 3187 1154 3277 dissectiouesidoneuur
1173 3187 1274 3268 existi·

279 3319 484 3378 moverant.
514 3309 657 3378 Venter
686 3331 774 3384 cum
805 3305 912 3386 brevi
946 3309 1211 3396 intumuisset,
1237 3325 1272 3378 ar

279 3424 403 3496 virere
419 3422 610 3522 erupisset,
626 3425 797 3523 quamvis
811 3426 1020 3532 suspicarer
1035 3427 1131 3526 quid
1143 3425 1226 3504 mali
1238 3424 1270 3498 iu

275 3541 410 3615 lanarii
425 3537 594 3643 corpore
617 3543 732 3619 latere
753 3559 903 3648 posset,
932 3568 1004 3622 nec
1024 3569 1117 3622 mox
1142 3546 1271 3620 deesset

276 3663 342 3760 qui
360 3661 559 3735 certiorem
575 3687 635 3736 me
654 3661 810 3756 faceret,
828 3661 935 3742 hune
949 3664 1040 3742 elios
1061 3664 1269 3764 sanguinem

274 3793 533 3875 expectorasse
548 3805 558 3870 ;
574 3793 700 3854 tanren
718 3778 809 3853 dum
827 3783 994 3855 melioris
1013 3782 1201 3860 cadaveris
1216 3801 1267 3850 co·

263 3895 335 3998 ¹pia
364 3893 490 3986 fieret,
510 3899 652 3971 ventris
675 3897 819 3970 interea
851 3899 994 3973 viscera
1021 3899 1265 3974 demonstrare

273 4037 561 4112 aggressussum
572 4041 581 4087 ε
592 4017 733 4115 quihus
748 4015 1148 4120 cimumfueaqridem
1160 4019 1265 4096 uriuae
