2824 4652
296 435 372 526 554
463 460 511 510 nn
535 459 681 510 sacraris
702 453 901 512 aricinos
923 459 1135 518 xooaononr

297 598 384 650 cum
398 599 493 674 pure
506 575 664 662 exierat,
682 571 788 647 facilc
800 574 1069 674 comprobabis
1088 573 1215 650 tribus
1229 549 1304 650 illis

297 692 562 767 consimilibus
573 715 656 790 quae
675 691 744 764 tibi
767 692 925 791 epistola
945 695 1118 764 XXXVII
1135 694 1149 780 (
1157 692 1197 790 1)
1215 711 1312 792 pro.

294 811 387 900 tnli,
406 809 595 907 exemplis.
615 805 746 885 ·Sitnul
773 831 982 907 cognosces
1000 835 1086 908 que
1104 813 1311 909 experiem.

294 929 459 1002 tissimus
483 927 583 1000 idem
598 926 722 999 virdo
740 927 926 1000 renalium
948 951 1120 1026 quoque.
1135 927 1310 1000 calculo

194 1071 198 1077 ·
294 1071 380 1117 rom
395 1045 540 1143 origine
559 1043 691 1116 eadem
708 1047 907 1122 occasione
927 1046 1138 1145 proponit,
1158 1059 1201 1119 et
1217 1045 1308 1146 lapi.

296 1163 354 1236 dis
376 1163 487 1234 etiam
515 1187 627 1259 quem
658 1163 759 1238 inter
788 1165 919 1240 vesicae
951 1163 1127 1236 urinaria)
1159 1165 1303 1236 tunicas

299 1277 470 1352 abditum
484 1282 690 1380 conspexit.
789 1318 793 1328 ·

334 1397 399 1468 -td
413 1397 481 1468 alia
494 1413 620 1470 atttem
638 1423 774 1471 renum
788 1398 879 1470 vitia
893 1399 1053 1474 attinent
1062 1413 1153 1470 tum
1171 1419 1311 1472 eorum.
1399 1450 1404 1475 ι

298 1515 483 1614 hydrops,
504 1517 581 1588 sive
603 1541 623 1588 a
652 1541 735 1589 sero
752 1515 849 1588 ssavo
868 1515 1066 1604 distentio,
1083 1531 1170 1588 tum
1200 1516 1302 1591 subs·

299 1633 415 1704 tantia
443 1634 613 1732 ipsorum
641 1634 840 1704 maximam
872 1647 1017 1732 partem
1043 1627 1192 1722 deleta,
1227 1649 1301 1706 tum

297 1749 470 1824 indurata
484 1748 637 1846 adiposa
654 1749 876 1823 eorumdem
885 1748 1122 1836 membrana,
1136 1753 1302 1847 itemque

298 1867 338 1938 in
355 1867 503 1938 ascitica
520 1865 655 1938 renum
674 1867 769 1938 alter
785 1866 907 1966 duplo
926 1868 1064 1964 major,
1088 1867 1188 1940 alter
1201 1869 1311 1964 jtuto-

296 1987 424 2058 minor
439 1997 712 2074 cumaretere,
741 1987 913 2084 vasisque
940 1981 1169 2082 sanguifcris
1196 1980 1302 2058 vaide

255 2139 260 2150 ·
298 2103 509 2175 contractis.
535 2101 702 2193 Quas‘cl.
723 2101 930 2174 ·Boehmeri
953 2101 1244 2203 observationes
1265 2103 1301 2174 in

298 2219 430 2290 eodem
448 2217 547 2290 libro
562 2219 696 2291 relatas
718 2221 886 2291 invenies
899 2221 939 2290 in
961 2243 1040 2317 quo
1064 2219 1180 2308 alias,
1205 2244 1230 2290 a
1246 2243 1302 2290 me

170 2357 177 2378 ⁶
297 2337 367 2408 tibi
386 2358 499 2434 supra
513 2337 571 2436 (n)
589 2337 781 2410 indicatas.
799 2337 910 2429 Quod
928 2339 958 2410 si
973 2337 1301 2412 eumlibrumver-

299 2477 406 2556 sans,
424 2457 465 2526 in
495 2457 622 2530 locum
649 2445 749 2529 forte
775 2455 954 2528 incideris
969 2455 1046 2528 obi
1071 2461 1304 2554 Morgagnus

298 2573 437 2644 dicitur
455 2595 577 2672 nuper
592 2595 750 2672 operam
768 2571 930 2657 dedisse,
952 2589 996 2644 ut
1011 2579 1240 2644 sententiam
1259 2572 1308 2644 de-

297 2695 371 2763 viis
388 2695 509 2763 urinae
524 2712 574 2763 ex
592 2691 801 2764 ventriculo
818 2690 874 2762 od
888 2697 1051 2764 vesicam
1068 2696 1174 2762 novis
1191 2715 1298 2788 orgu-

299 2814 429 2880 mcncis
442 2811 706 2905 confirmaret}
719 2809 798 2879 noli
809 2809 943 2880 mirari
957 2808 1024 2905 qui
1045 2808 1140 2882 scias
1158 2808 1201 2880 in
1218 2831 1301 2878 con·

247 2951 250 2956 ·
297 2927 410 2998 traria
420 2925 511 2996 haic
526 2927 709 2998 sententia
731 2951 791 2998 me
805 2949 954 3024 semper
973 2922 1107 3012 fuisse,
1129 2940 1167 2996 et
1179 2924 1301 2996 adbuc

300 3065 397 3132 esse;
415 3044 480 3116 sed
496 3043 536 3114 id
554 3045 679 3116 nimiae
701 3044 828 3115 tribue
854 3067 943 3140 erga
963 3065 1024 3113 me
1049 3041 1300 3141 typographo-

285 3183 383 3262 rum
398 3159 611 3234 liberalitati
628 3163 696 3260 qui
716 3162 870 3234 aiteram
897 3159 1100 3232 litterulam
1116 3159 1301 3256 gadden·

292 3279 375 3364 tes,
389 3301 470 3349 non
488 3277 699 3375 semelqum
712 3275 759 3348 ad
776 3278 891 3349 alium
910 3278 1069 3350 omnino
1082 3276 1300 3384 spectabant

299 3393 395 3465 mihi
411 3395 554 3467 donare
565 3397 778 3471 voluerunt.

354 3509 406 3585 15.
418 3515 509 3603 Quae
522 3511 570 3583 de
588 3511 740 3589 calculis
756 3512 970 3610 paniosate
986 3510 1185 3606 interjecta
1200 3523 1300 3592 sunt,
1400 3506 1403 3515 '

301 3645 338 3699 et
354 3631 434 3728 ipsa
451 3629 607 3728 quidem
628 3629 676 3702 ad
703 3629 859 3702 morbos
880 3628 1042 3700 attinent
1057 3627 1222 3714 ventris;
1239 3623 1300 3696 sed

292 3797 1304 3835 *mmm-w
1405 3835 1406 3861 1

338 3913 383 3989 (ι)
402 3917 442 3970 n.
464 3913 511 3972 ⁵2.

337 4007 380 4088 (π)
401 4015 440 4069 N·
461 4013 490 4068 c
549 4023 555 4040 ··
