2746 4662
333 433 401 512 156
496 466 542 512 nu
568 461 715 514 sumens
740 464 784 512 m
810 460 939 578 csnsrs'
960 460 1172 510 nonnosum

326 571 425 663 lum,
461 591 532 648 aut
555 578 751 649 obscurum
786 601 932 648 sensum
962 600 1042 650 esse
1060 569 1331 664 ‘contendunt’

324 715 578 792 gypseamque
593 693 694 764 illam
714 693 908 767 materiam
937 692 1090 766 tandem
1123 689 1178 764 ob
1206 709 1328 762 causas
1356 719 1357 722 ¹

323 807 412 880 alias
431 808 652 881 accedentes
659 809 765 906 juxta
785 809 964 882 articulos
981 808 1136 908 quidem
1155 805 1327 904 congeri,
1357 850 1358 942 1

323 923 484 996 sednon
502 950 667 1024 semper,
685 950 771 999 cum
798 941 835 998 et
856 927 937 998 aliis
952 927 1090 998 vicinis
1109 927 1149 996 in
1176 924 1274 996 locis
1293 945 1325 993 se
1357 943 1358 986 t

325 1039 467 1116 offerat.
495 1047 572 1117 Nos
590 1059 713 1116 autem
731 1045 771 1115 in
791 1046 985 1143 proposita
1003 1043 1187 1130 muliere,
1215 1061 1323 1140 quarn

323 1159 518 1232 ischiadici
539 1160 691 1234 dolores
711 1159 806 1232 adeo
834 1159 1082 1259 torquebant,
1104 1157 1203 1229 nihil
1225 1158 1324 1254 juxta
1358 1144 1359 1234 i

323 1274 522 1347 articulum
536 1277 639 1366 vitii,
657 1276 727 1350 sed
740 1302 853 1350 omne
867 1279 966 1349 intra
984 1275 1186 1348 articulum
1209 1271 1325 1345 ofsen-

323 1389 457 1464 dimus.
485 1396 563 1466 Nec
582 1417 673 1466 vero
692 1408 888 1492 negamus,
911 1407 1110 1466 tartaream
1127 1391 1235 1463 illam
1253 1413 1324 1460 ma·
1359 1438 1360 1470 ,

321 1509 453 1580 teriam
472 1510 577 1606 juxta
600 1511 897 1582 articulosetiam
913 1533 1175 1597 concrescere,
1195 1531 1322 1606 quem·

321 1624 526 1698 admodum
570 1629 609 1700 in
641 1627 835 1701 sacerdote
869 1629 935 1700 illo
963 1628 1086 1700 statim
1119 1625 1195 1698 sub
1242 1638 1321 1697 cute

318 1723 488 1816 'Valsalva
517 1743 571 1842 (ι)
599 1747 743 1817 invenit
774 1747 815 1817 in
846 1744 1088 1832 membrana,
1115 1742 1318 1840 digitorum
1360 1730 1361 1804 i

311 1861 710 1936 tendincsobvelante.
737 1867 815 1936 Nec
829 1861 1147 1962 repugnabimus,
1174 1861 1206 1932 si
1225 1858 1316 1931 forte

311 1979 368 2052 sic
387 1979 504 2052 velint
522 1982 692 2078 accipere
709 1980 825 2053 verba
848 1982 979 2056 Aretaei
999 1980 1073 2077 (ψ
1093 1985 1130 2048 iu
1151 1976 1316 2055 articulis
1361 2025 1362 2066 ,

317 2106 467 2194 quoque
482 2099 668 2195 tophacca
691 2096 867 2194 quasdam
893 2096 1124 2170 coalescunt:
1142 2095 1193 2166 ab
1213 2099 1314 2164 initt'o

317 2214 467 2309 quedem
505 2215 610 2285 uelut
641 2217 828 2286 abscessus
866 2219 1088 2314 occupant:
1117 2228 1317 2311 postquam

317 2354 409 2402 vero
435 2337 553 2428 magis
581 2336 810 2428 spissantur,
837 2338 950 2404 etiam
977 2346 1147 2412 concreto
1167 2329 1320 2402 humore
1362 2318 1363 2340 ¹

315 2445 385 2540 dis
403 2447 490 2518 siles
501 2449 610 2546 fiunt
634 2451 869 2546 irfiexiones,
895 2447 1043 2524 demum
1074 2449 1183 2547 tophi
1205 2446 1319 2522 solidi

314 2565 397 2638 albi
412 2572 624 2639 consistunt.
659 2568 893 2659 Quinetiam
916 2569 1101 2640 Sanctorii
1127 2569 1249 2640 nostri
1265 2566 1315 2663 (3)

314 2682 595 2758 observationes
631 2684 892 2760 iudicabimus.
930 2690 1032 2782 Ege,
1064 2685 1209 2784 inquit,
1244 2685 1312 2756 ali·

312 2803 467 2899 quando
481 2804 565 2877 vidi
591 2809 630 2874 ia
651 2803 819 2902 quadam
843 2809 999 2902 antiqua
1007 2827 1180 2902 gonagra
1188 2802 1314 2902 phleg-

312 2945 375 2989 ma
388 2945 566 3017 gypseum
585 2918 718 3008 molle,
747 2918 901 3018 liquidae
928 2919 1024 2991 calci
1038 2915 1176 3008 simile,
1196 2920 1312 3018 deflu-

311 3042 409 3106 xisse
443 3035 499 3106 ad
520 3052 660 3125 cutem,
690 3062 766 3134 qua
789 3025 1012 3135 perforata,
1048 3042 1102 3108 ita
1131 3035 1312 3135 liquidum

310 3176 492 3248 egressum
493 3155 592 3250 suit:
607 3177 681 3249 quo
699 3160 955 3254 experimento
977 3159 1182 3244 excitatus,
1200 3153 1311 3226 semel

311 3275 349 3340 in
372 3269 537 3368 quadam
562 3261 749 3368 gonagra,
781 3297 830 3344 ex
851 3298 999 3372 gypsea
1016 3277 1178 3370 pituita,
1208 3273 1309 3380 ¹utens

309 3386 497 3460 stillicidio
520 3413 706 3488 aquarum
723 3388 898 3462 lanarum
925 3414 1002 3460 nou
1018 3389 1257 3481 ablutarum,
1273 3394 1308 3460 ia

310 3506 444 3606 quibus
461 3508 741 3594 malvarisczun,
757 3507 911 3594 malva,
927 3523 964 3578 et
974 3508 1307 3581 nasturtiumebul·

345 3804 503 3882 (disput
520 3809 572 3876 lm,
587 3823 618 3861 n.
632 3822 662 3860 2.

343 3905 389 3981 (a)
407 3905 452 3960 Dc
462 3904 539 3981 sign.
554 3914 583 3959 et
597 3921 676 3960 caus.
693 3903 827 3962 dicturo.
841 3903 940 3994 morb7
954 3905 975 3960 l.
988 3922 1028 3981 2,
1038 3924 1066 3962 c.
1081 3923 1129 3964 ιι.

345 4003 392 4082 (3)
412 4007 577 4092 comment.
591 4004 625 4063 in
638 4024 665 4080 1,
683 4003 706 4084 ξ.
724 4025 751 4078 1,
766 4006 788 4100 ¹?
801 4003 967 4084 saneAvic.
981 4003 1011 4066 d.
1026 4011 1060 4086 i,
1071 4025 1099 4066 c.
1111 4015 1174 4082 1,t.
1184 4023 1213 4068 1.
