2746 4662
91 477 158 524 nm.
169 475 220 524 tv:
240 475 288 524 nr
300 471 437 526 uonrrs
448 465 646 540 emunire,
663 463 732 524 etc.
749 473 862 526 smsr.
877 473 950 524 nvr.
1000 445 1050 551 95

48 596 262 692 sanguinem
288 591 475 680 fortassiS,
495 591 560 664 sed
579 615 600 662 a
619 591 751 690 long0,
767 609 811 672 ut
830 593 1048 684 videbatur,

48 725 209 810 tempore
225 725 460 782 concretum.
479 711 545 780 llis
565 710 615 780 ita
635 710 855 807 perspectis,
872 709 1053 782 claudica-

48 829 151 899 tionis
168 851 343 917 cuusam,
360 841 502 900 retecto
521 827 661 898 sinistri
678 825 831 899 femoris
844 852 930 900 cum
946 830 1051 900 inno·

50 947 182 1016 minato
216 969 302 1018 osse
330 945 511 1030 articulo,
541 945 714 1042 quaesivi:
741 947 983 1042 occurritque
1008 970 1051 1019 os

51 1060 194 1135 femoris
214 1064 362 1136 cervice
381 1077 419 1135 et
434 1063 555 1162 capite
576 1061 761 1134 orbatum.
780 1067 827 1135 Et
841 1065 1051 1162 caputqui-

52 1180 190 1252 demin
217 1205 290 1255 suo
309 1180 507 1253 acetabulo
531 1180 694 1253 haerebat
717 1179 885 1268 affixum,
905 1183 1052 1254 cartila-

53 1297 129 1394 gine
151 1313 282 1370 tamen
312 1320 388 1396 quo
415 1298 554 1370 horum
576 1313 779 1396 utrumque
799 1300 1051 1371 ¹incrustatum

51 1412 161 1488 luerat
186 1416 252 1487 hic
281 1417 358 1488 illic
376 1439 507 1505 exesa,
533 1417 628 1513 quin
648 1439 753 1488 ossea
774 1418 907 1514 capitis
932 1419 1050 1516 ipsius

55 1533 258 1606 substantia
291 1549 371 1606 tum
395 1559 469 1632 qua
496 1535 688 1606 sinistrum
708 1532 893 1606 acetabuli
912 1551 1054 1633 specta·

54 1648 110 1724 bat
121 1655 329 1750 parietem,
346 1667 427 1724 tum
450 1675 526 1750 qua
547 1676 634 1723 cum
656 1653 799 1724 cervice
816 1651 908 1724 olim
931 1651 1055 1724 cobae-

54 1786 161 1859 serat,
181 1795 264 1842 non
291 1785 370 1842 emt
399 1772 553 1868 integra.
591 1770 755 1842 Cervicis
782 1786 906 1842 autem
940 1773 1053 1843 vesti-

57 1890 147 1986 gium
165 1903 363 1988 superorat
382 1889 549 1976 nullum,
580 1889 609 1959 si
629 1910 734 1960 ossea
760 1887 929 1986 quaedam
956 1886 1055 1988 frag·

57 2021 171 2079 menta
180 2008 395 2106 excipereS,
410 2007 622 2105 ligamentis
636 1997 770 2078 adnata
785 2007 892 2078 valde
907 2009 1054 2096 crassis,

58 2139 88 2195 et
103 2123 223 2214 duris,
238 2127 279 2196 in
299 2147 383 2222 quse
396 2124 589 2223 capsulare
608 2123 714 2221 quod
733 2126 1056 2225 vocantligomen·

56 2253 126 2312 tum
142 2243 280 2318 abiisse
297 2242 518 2332 videbatnr3
540 2241 619 2314 haec
639 2257 739 2315 certe
757 2267 777 2313 a
793 2247 961 2342 margine
979 2269 1055 2316 ace·

59 2359 164 2432 tabuli
197 2360 246 2432 ad
276 2385 357 2433 eam
378 2375 522 2460 partem
548 2361 687 2432 summi
710 2361 803 2434 ossis
832 2361 985 2434 femoris
1009 2387 1054 2436 ex

62 2501 124 2574 qna
140 2481 234 2550 olim
258 2479 463 2578 incipiebat
490 2480 634 2568 cervix,
654 2479 984 2578 producebantur,
1005 2480 1057 2554 le·

62 2617 212 2695 murque
220 2596 267 2668 ad
277 2621 364 2669 eum
385 2599 591 2696 marginem
607 2595 817 2693 alligabant.
837 2601 880 2667 In
893 2621 985 2668 cavo
996 2593 1058 2670 au·

64 2725 128 2782 tem
147 2714 255 2813 quod
272 2715 427 2787 cervicis
451 2715 538 2786 loeo
559 2711 864 2811 intercipiebant,
883 2715 1057 2788 crassius-

67 2831 136 2902 cula
148 2835 272 2905 inerat
291 2835 445 2904 materia
462 2855 600 2904 carneo
618 2831 763 2921 colore,
783 2831 848 2903 sed
871 2830 976 2904 fusco
992 2889 1002 2923 ,
1020 2849 1057 2908 et

67 2947 250 3038 obsoleto,
269 2975 349 3022 non
364 2949 488 3024 'lbtida
514 2965 657 3039 tamen,
674 2975 745 3021 neo
765 2951 892 3023 multa.
922 2933 1060 3024 Praeter

68 3063 153 3159 hec,
167 3095 210 3142 os
227 3071 504 3141 innominatum
515 3069 706 3142 sinistrum
717 3083 931 3142 antrorsum
943 3073 1061 3171 magis

69 3187 313 3282 prominebat,
334 3212 446 3286 quam
465 3187 681 3276 dexterum3
713 3203 756 3258 ut
778 3189 945 3287 proclive
965 3207 1062 3264 esset

71 3307 257 3403 suspicari,
276 3331 358 3404 quoe
382 3307 545 3377 exterior
568 3304 747 3378 violentia
783 3305 871 3378 huic
896 3305 1061 3398 feminae,

73 3443 146 3494 cum
168 3424 328 3508 tenella,
356 3439 421 3496 aut
446 3423 577 3520 junior
609 3439 724 3509 esset,
757 3420 920 3496 femoris'
943 3429 1064 3497 cervi'-
1169 3490 1172 3496 ,
1225 3431 1250 3490 Ἀ

75 3561 143 3610 cem
157 3540 338 3642 fregerat,
360 3541 532 3615 eamdem
550 3565 593 3614 os
611 3545 768 3640 quoque
784 3543 1062 3616 innominatum

75 3653 214 3734 luxasse.
589 3723 592 3731 .

120 3803 167 3848 ιι.
184 3779 221 3849 Si
234 3777 514 3850 observationes
540 3775 608 3847 has
629 3775 722 3848 duas
744 3776 845 3850 inter
866 3800 905 3849 se
920 3800 1067 3875 compa·

79 3898 223 3986 raveris3
240 3897 282 3968 in
298 3919 381 3970 earu
391 3895 610 3995 opinionem
621 3893 729 3967 facile
744 3895 886 3986 venies,
908 3907 949 3964 ut
963 3892 1067 3990 quod
