2836 4648
46 450 49 456 ’
116 435 1029 559 muunriuorunrsaoam.surrarpa.rrrsrmxrx.
1047 451 1122 549 669

120 580 334 692 cilaginosis
375 589 561 689 glandulis
605 573 824 665 continuata
850 587 1124 688 ,deprehendit

123 715 341 810 quanquam
361 735 441 781 non
463 705 615 780 difficile
629 705 712 780 fieri
729 731 838 808 posse
862 707 1030 779 intellexi
1054 707 1126 804 (ι),

122 813 166 926 ut
181 828 221 899 in
235 849 334 926 genu
344 821 609 917 agitationibus
618 823 707 896 inde
720 822 844 922 aliqua
860 822 1128 900 avellerentur:

122 945 207 1016 llaec
225 943 354 1044 igitur,
372 962 457 1040 quae
475 966 553 1014 non
570 937 782 1040 repetendi,
801 937 866 1012 sed
881 939 1125 1049 comparandi

124 1083 270 1134 causac
290 1085 351 1130 me
368 1059 467 1159 dicta
481 1073 588 1148 sunt,
608 1057 692 1131 vide
712 1083 803 1131 num
823 1053 985 1130 Reimari
1005 1083 1127 1130 exem·

47 1274 50 1278 ⁵
123 1173 199 1276 plis
216 1173 423 1272 adjuncta
412 1177 595 1250 inservire
613 1177 759 1276 possint
776 1173 823 1247 ad
846 1173 1049 1247 nonnullas
1078 1175 1127 1244 de

122 1315 269 1392 orrgrne
279 1290 426 1366 morbi
416 1293 767 1390 rstrusconjectums
777 1293 835 1366 vel
845 1291 1124 1390 excogitandam

122 1407 184 1482 vel
199 1405 500 1498 confirmandas,
515 1407 603 1482 vel
592 1424 735 1482 interea
753 1395 1000 1508 reponendas

114 1552 116 1557 ·
176 1531 229 1614 14.
245 1529 377 1625 Neque
369 1525 455 1598 hic
469 1525 676 1604 omittenda
686 1542 741 1598 est
751 1525 812 1597 illa
826 1549 939 1624 quam
952 1523 1128 1600 laudatus

122 1641 222 1715 idem
240 1645 300 1716 vir
322 1645 522 1744 perpaucis
538 1643 666 1718 verbis
689 1643 831 1716 indicat
849 1643 924 1740 (a),
948 1669 1034 1716 cum
1054 1643 1124 1716 cel.

122 1759 270 1834 Gaubio
287 1759 414 1834 habita
431 1759 665 1849 observati03
691 1760 736 1832 ad
757 1761 1001 1834 articulorum
1023 1761 1123 1832 enim

123 1877 296 1964 morbos,
313 1880 391 1949 imo
401 1877 448 1950 ad
464 1900 550 1951 eum
565 1881 632 1978 qui
644 1879 692 1952 ab
712 1879 878 1976 articulis
891 1879 1127 1966 nominatur,

123 1995 357 2098 arthritidem
371 2012 524 2096 spectat.
542 1997 688 2070 Scilicet
701 2000 741 2068 in
756 1999 839 2070 viro
853 1998 936 2096 qui,
951 2021 1037 2068 cum
1053 2023 1124 2096 po-

121 2113 236 2212 dagra
250 2113 476 2202 laborasset,
492 2114 569 2188 hac·
581 2131 748 2189 cessante
766 2113 1009 2206 asthmaticus
1027 2111 1124 2185 obie-
1143 2095 1145 2104 ’

120 2240 198 2312 rat,
224 2230 287 2304 hic
314 2233 391 2304 illic
415 2233 514 2304 intra
532 2233 734 2343 pulmones
763 2238 958 2303 materiam
989 2231 1124 2330 depre-

94 2369 98 2374 ’
121 2347 472 2458 bendereutolbam
481 2337 727 2448 ,Quibusdam
737 2351 910 2449 partr'bus
928 2355 1019 2420 sotis
1033 2355 1125 2448 spu-

120 2453 211 2538 iam
230 2481 268 2538 et
285 2490 466 2566 gypseum
490 2483 667 2540 naturam
695 2469 921 2576 referentem.
943 2467 1061 2558 Quod
1082 2483 1124 2538 tu
1193 2467 1236 2517 Ψ

123 2583 271 2688 legens,
293 2609 426 2658 eorum
452 2584 561 2658 facile
584 2569 862 2700 recordaberis,
883 2609 964 2683 quae
979 2584 1040 2658 de
1066 2609 1124 2655 ar·

123 2694 275 2774 thritica
297 2699 452 2776 materia
469 2703 515 2774 ad
534 2717 570 2776 te
595 2705 811 2814 scripsimus
836 2703 911 2801 (3),
939 2703 1015 2774 sive
1036 2727 1124 2782 cum

124 2819 304 2892 articulos
316 2813 537 2906 deserenss
527 2846 566 2890 m
581 2819 670 2892 alias
685 2834 810 2918 partes
826 2817 1032 2908 incumbit,
1048 2819 1124 2891 sive

122 2931 256 3008 'contra
270 2961 355 3009 cum
377 2951 596 3037 opportune
614 2963 633 3008 e
652 2961 828 3034 corpore
831 2935 1066 3024 eliminatur,
1082 2927 1132 3009 ut⁴

123 3059 193 3153 per
225 3056 423 3143 intestina,
457 3053 778 3154 quemadmodum
795 3053 1031 3128 Albertinum
1067 3057 1124 3130 ,vi-

122 3169 221 3246 'disse
245 3175 465 3260 retulimus,
489 3179 601 3274 quasi
614 3199 663 3244 ecc
679 3172 781 3244 calce
794 3187 908 3260 esset,
929 3156 1125 3271 autgypso

66 3314 69 3321 ’
123 3303 251 3363 recens
262 3290 521 3391 coagmentum
533 3347 542 3379 ,
556 3307 619 3364 aut
630 3277 792 3390 per'lotii
802 3291 896 3376 vias,
911 3289 1126 3388 cujusmodi

121 3408 339 3512 praeclaram
365 3409 557 3483 historiam
582 3409 719 3498 habes,
738 3408 786 3480 ab
812 3408 925 3508 Regia
948 3407 1127 3478 Scientia·

163 3821 209 3901 (ι)
229 3823 267 3880 N.
292 3819 338 3879 15.

164 3923 209 4005 (a)
229 3923 265 3979 In
278 3923 383 3979 notula
394 3941 414 3976 a
430 3923 469 3981 ad
485 3928 500 3994 S
517 3929 581 3994 lod

161 4024 206 4105 (3)
226 4024 321 4102 Epist.
339 4021 396 4098 57,
414 4041 446 4082 u.
460 4041 490 4098 9.
