2782 4652
295 445 368 531 414
459 463 506 511 nn
531 425 677 510 sturnus
701 463 745 508 nr
763 459 893 510 'causis
918 462 1128 512 nonnoanrr

296 550 484 676 terponit,
512 574 695 674 scalpelln'
715 577 834 672 magis
856 599 971 674 quarn
998 580 1210 665 consuevit,
1231 605 1287 651 re·¹

296 698 459 782 sisteret,
495 715 581 765 curn
613 693 741 764 omnia
774 692 974 792 diligenter
1010 694 1288 792 perlustrarem,
1372 679 1373 684 ¹

296 813 468 911 nihilque
488 833 721 908 eorumquae
745 811 843 882 intra
865 810 1063 885 calvariam
1084 829 1193 902 sunt,
1213 819 1288 887 sine

271 931 521 1042 ‘dissectinne
553 929 900 1026 pantermitterem3
933 951 1012 1000 nnn
1039 927 1161 1001 modo
1185 931 1288 1029 quid·

296 1067 408 1148 qnam
434 1047 508 1119 seri
537 1061 600 1118 aut
631 1046 821 1143 sanguinis
855 1043 1036 1135 effusum,
1070 1046 1138 1120 sed
1164 1051 1287 1120 vitium

295 1165 455 1237 omnino
477 1162 597 1233 ullum
614 1178 746 1260 praeter
764 1161 801 1232 id
825 1161 929 1260 quod
954 1157 1094 1252 dicam,
1127 1185 1211 1236 nnn
1228 1163 1289 1236 de·

295 1281 491 1382 prehendi.
505 1281 692 1351 Nimirum
710 1301 794 1351 vasa
806 1305 888 1376 quae
899 1261 1134 1377 pertenuem
1150 1283 1289 1354 menin-

297 1423 382 1498 gem
407 1399 602 1485 feruntur,
621 1395 755 1468 referta
779 1397 874 1467 adeo
895 1413 1002 1469 erant
1025 1401 1227 1494 sanguine,
1246 1398 1289 1470 ab

299 1504 422 1614 enque
432 1515 601 1602 dilatata,
622 1529 664 1586 ut
674 1539 871 1610 nunquam
879 1516 997 1612 magis
1013 1515 1150 1596 vidisse
1163 1519 1289 1587 memi-

296 1637 429 1706 nerim.
460 1634 629 1704 Distenta
659 1655 815 1728 qnoque
841 1639 948 1704 erant
979 1645 1062 1729 quae
1095 1633 1291 1705 choroldes

295 1753 430 1851 plexus
445 1747 604 1836 faciunt,
619 1764 655 1820 et
681 1770 763 1844 quse
781 1769 849 1846 per
873 1747 1082 1819 lateralium
1104 1752 1289 1821 ventulen-

296 1870 418 1940 lorum
440 1867 600 1965 parietes
626 1863 922 1952 ducuntur‚-ubi
936 1888 1042 1962 aquae
1062 1848 1288 1964 aliquinum

297 2002 392 2074 erat,
409 1985 612 2084 praesertim
629 2005 657 2053 a*
666 1983 836 2055 sinistris.

348 2103 401 2176 13.
419 2101 727 2174 Observationem
747 2099 846 2172 hanc
867 2119 957 2174 curn
984 2122 1028 2174 ea
1043 2100 1216 2175 conferas
1231 2127 1289 2173 ve·

295 2223 379 2308 lim,
395 2243 511 2317 quam
528 2217 645 2290 habui
665 2219 704 2287 in
720 2220 830 2289 Petro
851 2209 1022 2293 rasonto
1035 2218 1106 2318 (t).·
1129 2221 1240 2292 Plura
1252 2229 1289 2290 in

294 2354 455 2435 utraque
484 2336 649 2434 reperies
679 2357 761 2432 qnae
787 2337 1014 2408 conveniant
1039 2338 1139 2408 inter
1169 2361 1227 2426 se,
1255 2349 1290 2409 et
1375 2357 1376 2364 ¹

294 2455 403 2555 plura
427 2456 566 2553 pariter
589 2454 628 2524 in
653 2453 698 2524 iis
723 2477 806 2550 qnae
829 2451 876 2524 ad
902 2453 1004 2524 illam
1028 2455 1230 2542 adnotavi,
1256 2469 1290 2526 et

292 2573 356 2646 hie
382 2597 460 2643 non
477 2586 584 2644 vacat
602 2585 794 2668 repetere,
822 2570 870 2643 ad
895 2570 998 2643 hauc
1019 2571 1287 2668 explicandam.

291 2689 464 2788 Adjicere
485 2705 611 2760 tamen
636 2687 806 2784 quadarn
839 2688 944 2776 licet,
978 2687 1144 2763 hominis
1173 2688 1289 2786 liujus

291 2808 504 2908 peculiaria.
526 2799 661 2877 Fue'rat
682 2805 744 2876 hic
762 2804 890 2895 bibax,
915 2819 953 2878 ct
971 2805 1076 2904 quud
1092 2815 1171 2880 nnn
1196 2806 1291 2878 diffi-

289 2927 359 2998 cile
395 2915 486 2996 inde'
516 2924 780 3020 consequitur,
814 2945 909 3021 saepe
938 2922 1085 2994 ebrius:
1116 2943 1201 3021 quoe
1234 2949 1290 2997 res

289 3058 474 3141 quantum
491 3041 537 3113 ad
551 3042 698 3138 copiam
715 3043 912 3138 sanguinis
923 3041 1156 3138 augendam,
1191 3057 1229 3114 et
1246 3041 1291 3113 ad

287 3183 374 3232 vasa
388 3183 471 3256 quae
487 3158 585 3229 intra
598 3159 890 3245 cranium'sunt‚
907 3155 1135 3229 infirmanda
1152 3160 1290 3248 valeat,

288 3276 394 3348 facile
405 3275 592 3373 intelligis.
604 3279 686 3346 Huc
701 3274 795 3346 ridde
815 3299 919 3346 ossea
936 3273 1053 3344 illa-iia
1068 3276 1218 3348 arteriis
1235 3279 1291 3348 in-

288 3391 488 3465 ferioribus
499 3385 586 3462 titia
598 3445 607 3477 ‚
621 3415 704 3488 quae
719 3407 762 3462 ut
775 3391 964 3489 sanguinis
974 3390 1159 3463 deorsum
1169 3394 1288 3465 mutui

287 3507 525 3598 officiebant,
550 3511 600 3582 ita
621 3499 768 3581 sursum
791 3509 924 3604 majori
941 3513 1048 3606 copia
1071 3507 1162 3582 ferri
1182 3537 1288 3610 coge·

286 3629 388 3701 bant.
409 3626 480 3700 Sed
498 3626 593 3700 illud
607 3627 793 3725 praecipue
810 3625 1026 3697 addendum
1044 3641 1120 3716 est,
1135 3629 1286 3700 intanta

292 3842 1275 3875 ”W

324 3988 369 4084 (r)
389 3989 482 4066 Epist.
498 3990 531 4064 3,
546 4007 576 4045 n.
592 3989 640 4050 26.
