2824 4652
308 345 386 466 Δ496
478 387 526 438 ns
552 385 698 437 smnus
722 387 766 436 rr
791 385 915 440 causis
940 391 1150 446 nronronnu

315 502 897 603 quaeintruncoarteriaemagtne,
910 507 1067 607 ejusque
1077 510 1197 586 iliacis
1209 517 1318 590 ramis

314 621 401 694 vidi.
429 621 637 719 Nempe'in
663 619 728 691 illo
749 622 904 696 maculae
931 625 1035 699 intus
1062 645 1171 702 erant
1209 633 1328 725 albae,

311 740 430 815 futuri
455 741 549 812 ossis
575 735 862 830 inchoamenta,
893 741 934 814 in
963 741 1022 816 bis
1053 761 1183 824 autem
1209 755 1318 826 ramis

309 887 380 964 per
415 861 601 934 internam
635 861 776 958 pariter
807 858 940 936 faciem
983 865 1091 941 lineae
1122 871 1318 946 exstabant

309 978 724 1082 parallelaesecundum
752 979 1027 1079 longitudinem
1045 985 1196 1080 ductu,
1216 1016 1316 1089 quae,

244 1083 249 1100 ’
308 1117 515 1196 utrumque
550 1096 647 1170 latus
675 1097 715 1169 in
742 1096 888 1172 diversa
920 1101 1126 1194 trahendo,
1160 1109 1314 1182 minime

309 1231 488 1320 poterant
513 1215 717 1288 obliterari.
745 1216 895 1290 Thorax
919 1243 1099 1320 quoque,
1121 1215 1166 1296 ‘et
1193 1228 1311 1300 multo

307 1335 459 1436 quidem
477 1335 616 1442 magis,
636 1333 815 1408 morbosa
836 1335 1027 1426 exhibuit,
1050 1339 1175 1415 sedet
1193 1345 1313 1442 aliqua

299 1473 432 1528 ¹tamen
463 1464 660 1552 quaesunt
688 1453 809 1554 magis
840 1470 945 1527 extra
974 1460 1312 1552 consuetudinem,

299 1579 420 1673 'quam
434 1585 727 1672 praeternaturae
745 1559 913 1644 modum.
936 1573 1196 1674 Diapbragma
1214 1584 1311 1653 euim

303 1717 383 1763 non
406 1697 633 1791 perunum,
661 1688 728 1762 sed
751 1713 820 1788 per
846 1689 926 1765 duo
955 1690 1059 1789 (quae
1089 1701 1309 1793 nuperrime
1399 1767 1400 1788 ,

303 1835 460 1914 quoque
484 1796 597 1882 ann‘o'
615 1806 708 1906 1759
732 1807 771 1878 iu
790 1807 873 1880 viro
900 1805 1069 1899 offendi,
1096 1825 1135 1884 et
1153 1813 1308 1910 publice
1399 1823 1400 1852 ¹

302 1927 467 2025 ostendi)
484 1951 553 2028 per
568 1924 664 2013 duo,
682 1927 839 2023 inquam
851 1926 986 2014 ,inter
1003 1951 1042 2000 se
1064 1933 1242 2026 proxima
1259 1931 1308 2005 fo

299 2049 444 2122 rumina
455 2048 505 2118 ita
517 2043 706 2132 videlicet,
720 2059 763 2116 ut
774 2045 866 2117 alias
879 2045 939 2116 vel
955 2067 1024 2143 per
1040 2046 1110 2118 tria
1130 2054 1305 2149 exposui,

298 2187 481 2237 venosum
493 2161 653 2235 'eventre
665 2161 1166 2261 ascendentemsanguinem
1183 2182 1305 2240 trans·

298 2281 480 2354 mittebat.
512 2285 588 2354 Cor·
626 2303 717 2355 vero
748 2277 933 2352 orificium
969 2284 1177 2354 coronariae
1203 2309 1302 2358 veuae

298 2399 471 2502 babebat·
494 2423 574 2502 non
606 2383 849 2472 membraneo
883 2397 1030 2486 vulvula
1050 2401 1304 2492 instructum,

250 2544 254 2551 ·
297 2519 362 2593 sed
379 2517 575 2606 tenuibus,
594 2516 813 2614 crebrisque
831 2515 1018 2615 parallelis
1032 2516 1239 2596 filameutis
1258 2521 1301 2594 ab

208 2695 214 2710 .
295 2661 444 2721 summo
462 2635 509 2707 ad
520 2638 647 2709 imum
665 2627 1080 2750 descendentibuspt'am
1099 2661 1120 2708 a
1141 2637 1299 2729 dextris,

289 2769 409 2856 'quam
426 2776 448 2827 a
466 2753 647 2845 sinistris,
664 2754 714 2824 ita
734 2767 929 2850 opertum,
943 2747 1155 2854 dffsanguis
1173 2771 1297 2829 tamen

289 2877 390 2948 inter
409 2873 668 2961 filamentum,
695 2885 732 2942 et
746 2868 1000 2960 filamentum,
1016 2873 1157 2970 ‘magis
1173 2889 1297 2948 autem

288 3017 360 3093 per
376 2991 510 3066 orificii
526 2989 713 3086 medium,
732 2987 799 3060 ubi
818 2982 1011 3062 filameuta·
1026 3012 1189 3090 prorsus
1211 2993 1296 3066 dee-
1390 3089 1391 3107 χ

287 3126 392 3202 rant,
413 3096 724 3206 transireposse't.
744 3105 800 3180 nd
817 3106 1028 3180 morbidam
1051 3124 1187 3198 autem,
1205 3137 1294 3184 cou-

286 3231 520 3304 'stitutionem
557 3225 749 3324 sanguinis
773 3224 928 3322 quidem
965 3227 1294 3330 spectabant-qua

286 3375 332 3424 ex
356 3347 503 3446 magnis
528 3341 653 3416 cordis
676 3340 772 3415 rasis
797 3342 940 3416 educta
969 3360 1058 3417 sunt
1084 3345 1181 3418 albae
1206 3373 1293 3420 con-

284 3470 472 3542 cretiones
496 3464 709 3564 polyposae3
740 3458 946 3534 solidarum
975 3476 1102 3536 autem
1126 3469 1290 3562 partium

285 3612 372 3660 eum
392 3609 435 3658 ea
453 3582 672 3670 tubercula,
692 3579 887 3678 aquibus,
908 3595 951 3656 ut
967 3581 1076 3671 alias,
1095 3607 1169 3654 nec
1186 3609 1288 3673 raro,

280 3706 359 3778 vidi
375 3705 596 3778 crassiorem
614 3698 754 3772 iactum
775 3698 935 3777 limbum
959 3699 1195 3774 valvularum
1221 3704 1287 3774 mi-

281 3827 451 3913 tralium,
470 3837 553 3896 tum
575 3820 780 3920 praesertim
800 3817 838 3890 id
861 3818 965 3920 quod
984 3809 1121 3894 mortis
1139 3844 1284 3894 causam

280 3944 420 4032 attulit,
444 3963 533 4040 pars
552 3936 867 4039 magna'alterius
893 3936 1088 4038 pulmonis
1118 3953 1282 4024 tumens,
