2700 4660
250 441 321 528 246
413 465 462 514 or
488 461 636 512 sturnus
660 465 705 510 rr
730 461 854 516 crosis
880 463 1090 513 moruorum

250 604 347 678 puer
363 575 434 676 (r),
452 592 490 649 et
504 599 891 674 supergressaauuum
903 577 1117 666 sororcula,
1129 580 1257 676 cujus,

245 723 329 776 ¹nou
347 697 466 783 illius,
484 679 749 764 co'nvulsiones
764 693 1006 766 adnotantur.
1026 695 1099 768 Sed
1117 695 1255 768 horum

253 807 409 912 quoque
424 833 634 898 venenum,
655 811 817 882 erodens
827 812 1018 910 alioquin,
1034 829 1077 885 ut
1091 814 1258 902 videtur,

251 935 424 1031 ignotum
440 926 509 1000 fuit
521 957 530 1016 ;
543 945 583 1000 ut
596 931 707 1001 etiam
728 928 874 1002 feminae
885 930 940 1026 (α)
953 929 1001 1002 de
1014 957 1089 1028 qua
1100 931 1172 1002 illae
1181 955 1256 1002 nou

254 1050 506 1134 adnotantur3
535 1072 638 1144 qum,
667 1049 698 1120 si
726 1048 829 1120 aliud
860 1073 939 1120 non
963 1048 1151 1135 attendas,
1188 1049 1257 1119 nisi

254 1189 428 1238 cruorem
448 1189 513 1241 ore
534 1165 723 1262 rejecisse,
744 1164 863 1236 videri
882 1168 1000 1264 possit
1017 1189 1038 1236 a
1055 1165 1257 1238 sublim-ato

254 1284 442 1356 mercurio
476 1299 644 1370 mortua,
672 1282 827 1381 quando
855 1309 934 1356 non
961 1284 1082 1356 solum
1112 1284 1257 1380 Ardoy-

253 1425 325 1472 nus
353 1400 407 1496 (3)
431 1401 615 1472 vomitum
644 1399 849 1498 aliquando
887 1381 1135 1498 sanguineum
1157 1401 1260 1471 iuter

256 1517 357 1590 illios
384 1517 521 1588 indicia
542 1520 756 1616 proposuit,
772 1517 839 1589 sed
863 1533 900 1590 et
921 1513 1118 1616 Wepferus
1138 1519 1261 1617 proxi·

258 1659 319 1711 ma
337 1634 599 1707 observatione
618 1639 705 1708 XIV
728 1637 782 1733 (d)
808 1636 896 1709 indo
916 1635 1010 1707 vidit
1024 1651 1061 1707 et
1077 1639 1261 1722 vomitus,

252 1749 538 1848 .et.dejectioues
553 1751 662 1848 (quas
687 1777 760 1824 nec
785 1751 986 1850 Ardoyuus
1009 1751 1262 1851 praetermisit)

258 1883 432 1940 cruentas
452 1871 491 1938 in
512 1893 621 1956 caue,
647 1895 760 1962 quem
786 1895 984 1967 nunquam
1015 1871 1260 1957 convulsum,

258 2011 331 2058 nec
356 2011 382 2056 ar
399 2001 522 2058 morte
538 1985 668 2083 rigidis
691 1987 850 2058 artubus
879 1986 1016 2076 fuisse,
1039 1987 1177 2060 diserte
1201 1987 1262 2059 ad-

259 2105 427 2190 monuit,
445 2101 674 2175 inssammata
700 2120 846 2191 autem,
866 2121 908 2178 ut
932 2131 976 2177 ex
1000 2120 1104 2202 parte
1124 2105 1261 2178 femina
1335 2119 1336 2124 ’

261 2219 343 2304 illa,
369 2220 566 2308 intestina,
597 2236 634 2292 et
663 2222 917 2294 ventriculum
955 2224 1057 2294 intus
1085 2237 1263 2319 extraque

221 2359 224 2363 ·
260 2335 458 2424 habuisse,
475 2338 694 2434 sauguinem
710 2355 836 2412 autem
850 2365 975 2438 neque
992 2341 1032 2410 in
1048 2339 1163 2411 corde
1178 2395 1188 2428 ‚
1202 2361 1261 2408 ne·

262 2477 337 2550 que
349 2453 436 2524 ullis
453 2454 492 2523 iu
512 2457 607 2527 vasis
624 2465 786 2553 usquam
804 2457 1036 2530 concretum.
1058 2462 1151 2548 Quae
1165 2453 1262 2552 attigi

248 2594 344 2640 ‘nou
366 2570 518 2667 ignarus
536 2577 722 2668 quantum
746 2574 791 2646 cL
808 2571 1037 2670 Meadio(5),
1055 2575 1123 2671 qui
1137 2572 1265 2672 globo*
1288 2615 1290 2620 ·

262 2687 320 2758 los
335 2689 614 2760 mercurialium
628 2691 746 2761 instar
761 2692 801 2762 in
819 2673 1183 2789 arsenico'pervidit,
1196 2689 1263 2760 hoc

205 2901 208 2908 ἱ
263 2828 351 2874 cum
371 2803 570 2877 sublimato
588 2809 777 2878 mercurio
794 2809 833 2878 in
853 2808 968 2879 modo
983 2805 1188 2880 inferendae
1204 2829 1261 2878 ne·

264 2921 317 2992 cis
334 2923 537 2994 convenire
548 2923 729 2994 videatur.
749 2924 822 2995 Sed
836 2922 882 2995 ad
895 2949 938 2996 ea
947 2949 1028 3021 quae
1040 2923 1086 2995 de
1097 2925 1261 2997 arsenico

266 3037 349 3133 ipso
382 3061 500 3134 porro
537 3039 768 3136 adjiciuntur
797 3042 837 3112 in
873 3041 1135 3114 observatione
1164 3055 1263 3112 antea

265 3171 472 3228 memorata
482 3161 583 3245 Xlll,
597 3157 806 3230 redeamus.
820 3159 920 3250 Quid
938 3184 958 3230 a
975 3159 1155 3230 devorato
1171 3179 1262 3228 arse·

268 3270 357 3340 nico
379 3271 537 3344 canibus
571 3274 723 3347 duobus
742 3273 796 3372 (6)
822 3273 1023 3364 acciderit,
1050 3275 1112 3345 vix
1140 3286 1264 3372 praeter

267 3435 1258 3470 muna—*ad
1331 3445 1335 3453 ·

308 3545 351 3629 (1)
372 3551 448 3608 Hist.
473 3571 519 3609 ro.

309 3646 353 3724 (u)
374 3648 451 3706 Hist.
475 3668 521 3706 11.

309 3743 338 3818 (3
374 3745 419 3801 De
433 3764 541 3812 veneu.
556 3748 577 3801 1.
590 3763 627 3820 α,
640 3766 665 3803 o.
682 3746 712 3803 5.

312 3743 355 3914 (4)
376 3839 452 3894 Hist.
475 3859 502 3895 α.

306 3927 352 4009 (5)
374 3933 509 3989 Teutam.
528 3931 579 3990 eit.

258 4079 267 4097 ‚
310 4022 354 4104 ξδ’)
375 4025 452 4083 Hist.
476 4045 523 4084 η.

403 4171 409 4200 i
